2063 3607
394 292 518 376 356
844 280 1384 352 T-LIVII

378 403 531 451 textae
558 392 794 451 habendae
818 393 920 467 jus,
994 396 1088 450 Sed
1127 414 1383 473 magnum
1412 409 1665 455 certamen
1695 390 1825 460 cum

381 475 625 531 omnibus
651 473 991 532 sucerdotibus
1016 494 1083 531 eo
1110 496 1245 533 anno
1270 478 1365 535 fuit
1393 479 1719 554 quaestoribus
1741 504 1827 539 ur·

381 552 540 618 banis,
580 562 648 629 Q.
676 556 830 612 Fabio
861 555 1084 611 Labeoni
1122 563 1176 615 &
1208 563 1270 616 L.
1303 560 1521 618 Aurelio,
1607 564 1825 623 Pecunia

378 654 510 711 opus
546 651 670 700 erat,
719 637 854 713 quod
888 635 1128 694 ultimam
1160 642 1461 714 pensionem
1498 646 1725 718 pecuniae
1769 648 1823 702 in

373 716 559 774 benum
586 717 778 775 collatae
804 716 1078 793 persolvere
1102 720 1351 793 placuerat
1373 724 1591 796 privatis,
1670 730 1833 800 Quae2

374 800 532 854 stores
559 799 624 855 ab
645 799 937 875 auguribus,
974 801 1317 873 pontificibus,
1349 805 1489 878 quod
1518 807 1825 879 stipendium

367 897 464 953 per
497 880 681 937 bellum
715 901 817 938 non
843 880 1175 946 contulissent,
1218 882 1467 956 petebant.
1506 886 1569 941 ab
1600 887 1829 942 sacerdo-

377 961 513 1016 tibus
558 960 747 1018 tribuni
799 964 1139 1037 nequicquam
1183 965 1431 1039 appellati,
1481 970 1826 1043 omniumque

373 1059 652 1106 annorum,
705 1063 790 1117 per
830 1063 962 1119 quos
1008 1063 1115 1100 non
1148 1047 1401 1107 dederant,
1451 1050 1697 1104 exatstum
1738 1050 1829 1106 est.

375 1123 577 1179 Eodem
625 1142 765 1179 anno
800 1125 907 1179 duo
945 1126 1139 1182 mortui
1180 1129 1460 1200 pontificeS,
1512 1131 1734 1203 novique
1755 1125 1826 1183 in

379 1220 560 1260 eorum
594 1204 771 1262 locum
802 1204 1030 1261 suffesti:
1065 1211 1140 1263 M.
1163 1207 1428 1263 Marcellus
1458 1209 1633 1265 consul
1666 1213 1717 1264 in
1746 1209 1825 1264 Io·

378 1302 504 1339 cum
549 1288 614 1342 C.
643 1288 930 1360 Sempronii
957 1288 1212 1350 Tuditani,
1253 1290 1341 1362 qui
1362 1304 1542 1361 praetor
1565 1293 1617 1346 in
1648 1290 1825 1365 Hisp'a-

377 1366 462 1419 nia
488 1365 784 1430 decesserat3
824 1371 878 1424 δε
920 1373 982 1426 L.
1011 1367 1241 1423 Valerius
1276 1372 1327 1423 in
1365 1370 1545 1425 locum
1585 1376 1659 1427 M.
1693 1373 1824 1426 Cor-

376 1444 496 1500 nelii
522 1446 758 1523 Cethegi.
801 1452 866 1505 Et
899 1452 969 1523 Q
1001 1448 1176 1504 Fabius
1208 1452 1467 1505 Maximus
1494 1471 1656 1528 augur
1681 1467 1824 1507 mor·

376 1539 495 1581 tuus
535 1529 607 1582 est
647 1530 930 1584 admodum
973 1528 1276 1592 adolescens,
1328 1531 1618 1606 priusquam
1659 1531 1826 1587 ullum

377 1608 732 1681 magistratum
765 1621 999 1684 caperet:
1039 1628 1133 1665 nec
1170 1630 1233 1666 eo
1276 1630 1412 1666 anno
1446 1632 1606 1688 augur
1633 1613 1686 1667 in
1716 1614 1829 1684 ejus

375 1685 552 1743 locum
583 1692 656 1744 est
688 1688 948 1745 suffestuS.
1026 1693 1256 1747 Comitia
1292 1693 1409 1748 inde
1437 1691 1707 1749 consularia
1738 1694 1826 1749 ha-

376 1765 480 1824 bita
504 1765 533 1824 a
561 1774 637 1827 M.
667 1769 906 1828 Marcello
940 1770 1160 1828 consule.
1203 1773 1352 1829 creati
1377 1773 1602 1829 consules
1639 1778 1700 1831 L.
1722 1779 1825 1830 Va-

375 1847 523 1906 lerius
563 1850 781 1915 Flaccus,
835 1857 913 1908 M.
954 1854 1161 1908 Porcius
1199 1856 1350 1910 Cato,
1429 1857 1668 1913 Praetores
1710 1856 1827 1911 inde

711 1932 835 1988 faeti
875 1935 939 1986 C.
977 1934 1226 1991 Fabricius
1257 1934 1521 1997 Luscinus,
1567 1938 1631 1991 C.
1663 1936 1827 1992 Atini-

381 1994 516 2103 “flse
540 1992 641 2036 chr.
711 2032 772 2070 us
830 2012 1016 2076 Labeo,
1072 2017 1173 2070 Cn.
1231 2016 1447 2072 Manlius
1496 2016 1669 2079 Vuls0‚
1727 2020 1828 2091 Ap„

373 2130 421 2173 v
463 2070 559 2180 ‘3⁵5’
713 2095 948 2150 Claudius
979 2098 1139 2158 Nem,
1178 2100 1234 2152 P.
1260 2095 1496 2159 ManliuS,
1533 2101 1590 2154 P.
1618 2099 1829 2154 Porcius

426 2161 440 2176 ⁶
493 2161 504 2174 ⁶
568 2142 646 2186 ⁵⁷⁶
713 2181 880 2232 Laeca.
981 2176 1161 2232 AEdiles
1217 2178 1428 2240 curules,
1495 2181 1576 2235 M.
1622 2176 1830 2234 Fulvius

377 2250 616 2309 Nobilior
654 2261 708 2312 Sc
747 2260 812 2312 C.
858 2256 1151 2320 Flaminius,
1212 2259 1361 2313 tritici
1401 2260 1565 2314 decies
1610 2274 1822 2315 centum

377 2332 534 2388 millia
562 2335 691 2392 binis
720 2341 828 2393 aeris
856 2338 1047 2411 populo
1083 2338 1373 2395 diviserunt.
1411 2341 1459 2395 id
1495 2342 1557 2395 C.
1596 2339 1823 2396 Flaminii

375 2412 585 2470 honoris
628 2419 807 2479 cauffa,
845 2419 995 2492 ipfius
1028 2420 1292 2495 patrisque,
1339 2421 1633 2477 advexerant
1673 2421 1828 2477 Siculi

376 2496 631 2557 Romam.
712 2501 985 2555 Flaminius
1007 2503 1225 2576 gratiam
1258 2503 1365 2573 ejus
1405 2503 1828 2558 communicave-

375 2591 450 2634 rat
484 2597 605 2635 cum
649 2580 855 2658 collega.
937 2583 1069 2638 Ludi
1095 2584 1324 2638 Romani
1351 2587 1404 2640 &
1429 2584 1645 2659 apparati
1677 2597 1827 2659 mag-

352 2661 528 2717 ‘nifice
561 2664 691 2725 sunt,
737 2668 787 2721 δι
836 2678 910 2719 ter
949 2665 1047 2718 toti
1085 2665 1353 2721 instaurati.
1435 2664 1620 2720 AEdiles
1651 2663 1828 2738 plebis,

376 2747 480 2800 Cn.
515 2745 778 2801 Domitius
822 2744 1136 2800 AEno‘barbus
1174 2752 1227 2805 &
1262 2749 1326 2804 C.
1359 2746 1650 2801 Scribonius
1682 2745 1826 2801 curio

373 2829 651 2887 maximus,
704 2824 896 2884 multos
944 2828 1202 2900 pecuarios
1241 2827 1305 2881 ad
1346 2825 1524 2902 populi
1572 2825 1824 2900 judicium

377 2909 704 2967 adduxerunt.
738 2923 840 2967 tres
877 2927 942 2966 ex
978 2907 1057 2966 his
1100 2907 1430 2968 condemnati
1468 2907 1600 2968 sunt.
1638 2923 1701 2964 ex
1735 2926 1824 2962 eo-

1701 3006 1825 3046 tum
