2063 3607
378 297 505 362 420
818 294 906 363 T.
1003 302 1386 371 LIVII

387 417 527 460 nunc
540 411 879 484 proportione
899 429 1027 490 quot
1040 417 1304 473 verifimile
1328 418 1389 474 fit
1403 428 1570 475 totam
1588 412 1843 475 Graeciam

395 482 633 544 habuifie.
694 495 950 552 Nondum
974 515 1259 556 conventus
1280 500 1510 557 dimissus
1532 516 1650 562 erat,
1675 514 1844 573 quum

399 566 671 640 respiciunt
712 578 993 648 praefidium
1027 580 1092 636 ab
1132 582 1507 638 Acrocorintho
1545 580 1848 638 descendens

402 651 637 721 protinus
671 657 732 709 ad
771 676 974 730 portam
1017 664 1138 718 duci
1176 678 1327 738 atque
1360 662 1507 722 abire.
1600 668 1845 739 Quorum

400 746 592 804 agmen
626 737 901 811 imperator
928 742 1141 807 secutUS,
1185 744 1598 820 prosequentibus
1633 741 1855 801 ςυῃᾶἰε,

399 808 705 873 servatorem
731 820 1149 901 liberatoremque
1176 827 1597 889 acclamantibus3
1636 821 1851 880 salutatis

403 892 712 974 dimiffisque
760 902 848 967 Cis,
903 908 1082 962 eadem
1125 927 1224 983 qua
1265 904 1469 964 v'enerat
1508 909 1590 962 via
1632 906 1849 963 Elatiam

403 976 567 1036 rediit.
600 981 715 1035 inde
746 1002 870 1041 cum
898 989 1140 1044 omnibus
1171 991 1331 1063 copiis
1361 993 1457 1063 Ap.
1484 989 1756 1044 Claudium
1784 985 1853 1039 le·

405 1074 588 1132 gatum
617 1062 843 1124 dimittit.
884 1089 973 1144 per
1005 1070 1307 1128 Thessaliam
1337 1084 1489 1146 atque
1515 1072 1728 1144 Epirum
1755 1067 1850 1121 du-

408 1155 519 1196 cere
572 1145 787 1202 Oricum
840 1150 1000 1221 jubet,
1052 1169 1202 1226 atque
1247 1152 1317 1207 ibi
1358 1151 1406 1207 st:
1447 1152 1681 1226 opperiri.
1737 1148 1853 1203 inde

406 1238 635 1298 namque
664 1229 715 1282 in
741 1232 918 1287 animo
954 1235 1068 1295 esse,
1104 1236 1385 1290 exercitum
1414 1234 1466 1289 in
1493 1233 1686 1289 Italiam
1713 1229 1851 1302 traji-

408 1321 537 1360 cere·
573 1310 625 1363 δί
664 1315 723 1366 L.
752 1314 970 1384 Qintio
1009 1315 1148 1372 fratri
1174 1314 1343 1392 legato
1379 1321 1433 1374 &
1466 1313 1710 1389 praefeeto
1734 1301 1852 1367 clai:-

406 1384 470 1439 fis
510 1385 691 1452 scribit,
738 1411 795 1449 ut
836 1397 1085 1453 onerarias
1125 1415 1187 1453 ex
1231 1397 1381 1451 omni
1407 1397 1620 1454 Graeciae
1642 1412 1730 1450 ora
1768 1391 1853 1447 eo-

408 1466 528 1522 dem
558 1474 893 1536 contraheret.

493 1554 585 1609 LI.
624 1556 734 1631 Ipse
774 1559 1070 1616 Chalcidem
1106 1560 1387 1635 profeotuS,
1425 1558 1652 1615 deduftis
1682 1575 1787 1612 non
1823 1553 1853 1613 ὲ

409 1628 648 1692 Chalcide
685 1638 866 1704 solum,
907 1642 986 1697 sed
1025 1644 1179 1699 etiam
1212 1642 1273 1697 ab
1313 1648 1451 1699 Oreo
1481 1656 1627 1716 atque
1666 1638 1854 1696 Eretria

405 1716 659 1785 praefidiis‚
718 1739 1035 1782 conventum
1074 1724 1142 1779 ibi
1181 1724 1527 1781 Euboicarum
1584 1723 1852 1777 civitatum

405 1792 612 1855 habuit:
674 1807 1128 1882 commonitosque
1157 1808 1211 1861 in
1242 1826 1349 1881 quo
1396 1809 1522 1863 statu
1565 1822 1733 1859 rerum
1769 1822 1853 1857 ac-

412 1882 616 1953 cepisset
648 1904 754 1949 eos,
793 1894 846 1946 &
886 1890 937 1944 in
976 1908 1082 1963 quo
1113 1888 1427 1963 relinqueret,
1462 1886 1666 1942 dimifit.
1748 1888 1851 1946 De-

406 1964 713 2022 metriadem
738 1970 856 2026 inde
877 1969 1233 2046 proficiscitur:
1265 1971 1587 2044 deduetoque
1612 1967 1855 2041 praefidit),

404 2042 822 2120 prosequentibus
847 2053 1064 2114 cunctis,
1094 2054 1221 2108 ficut
1250 2051 1488 2107 Corinthi
1517 2055 1569 2106 ὃς
1597 2047 1855 2109 Chalcide,

404 2128 574 2202 pergit
603 2132 672 2186 ire
702 2133 755 2188 in
783 2132 1110 2190 Thessaliam:
1155 2133 1241 2188 ubi
1273 2152 1381 2188 non
1401 2130 1660 2188 liberandae
1690 2127 1852 2185 modo

406 2206 635 2267 «civitates
673 2228 830 2276 erant,
868 2216 946 2272 sed
985 2235 1047 2271 ex
1077 2216 1226 2271 omni
1252 2215 1537 2272 colluvione
1572 2216 1625 2268 &
1667 2212 1854 2266 confu-

405 2288 548 2346 fione
591 2296 644 2349 in
684 2297 899 2372 aliquam
936 2296 1243 2355 tolerabilem
1285 2295 1514 2353 formam
1557 2293 1900 2368 redigendae„

408 2368 530 2428 Nec
564 2378 702 2433 enim
733 2393 1033 2455 temporum
1064 2378 1228 2435 modo
1248 2380 1399 2442 vitiis,
1442 2396 1501 2432 ac
1534 2373 1852 2465 violentia&

405 2450 609 2515 licentia
643 2463 776 2538 regia
812 2461 995 2517 turbati
1009 2479 1176 2518 erant:
1218 2460 1298 2517 sed
1330 2462 1557 2535 inquieto
1583 2458 1735 2512 etiarn
1770 2474 1849 2510 in·

404 2538 562 2612 genio
592 2544 760 2619 gentis
789 2566 806 2607 3
846 2564 939 2601 nec
979 2545 1205 2607 comitia,
1249 2562 1344 2599 nec
1377 2554 1709 2601 conventum,
1753 2555 1852 2593 nec

401 2622 683 2681 concilium
723 2626 902 2690 ullum,
943 2644 1049 2680 non
1087 2647 1177 2700 per
1211 2624 1510 2682 seditionem
1548 2641 1607 2677 ac
1654 2618 1850 2676 tumul-

398 2711 537 2768 tum,
578 2707 687 2779 jam
720 2709 835 2765 inde
867 2707 895 2765 a
924 2709 1177 2784 principio
1205 2710 1263 2764 ad
1293 2710 1517 2764 nostram
1549 2702 1706 2778 usque
1733 2713 1853 2757 aeta-

401 2802 514 2845 tem
540 2793 870 2849 traducentes,
952 2794 993 2846 A
1012 2792 1162 2848 censu
1189 2787 1417 2846 maxime
1448 2793 1500 2846 ὃς
1528 2786 1766 2876 senatum·
1789 2787 1844 2840 δε

399 2871 595 2947 judices
630 2875 791 2952 legit:
823 2875 1266 2952 potentioremque
1290 2892 1408 2928 eam
1441 2884 1638 2963 partem
1669 2869 1847 2958 civita-

398 2974 519 3017 tum
563 2957 702 3022 fecit,
759 2961 841 3016 cui
884 2955 1014 3016 salva
1055 2955 1413 3038 tranquillaque
1455 2969 1635 3012 omnia
1676 2965 1846 3023 magis

388 3043 489 3101 esse
512 3042 820 3119 expediebat²
1604 3115 1718 3175 Lu·
1762 3113 1839 3171 Ra
