2063 3607
601 286 662 352 L
705 287 818 351 113
859 287 912 357 E
955 287 1016 352 R
1104 286 1430 359 xxx1v.
1596 318 1720 386 397

275 387 563 461 excedente,
602 403 771 457 movit
800 403 953 458 castra
974 401 1039 457 ad
1071 403 1269 458 flumen
1305 412 1568 470 Eurotam.
1605 418 1727 475 inde

275 474 454 531 vallem
475 486 709 557 Taygeto
737 482 1044 558 subjeetam‚
1082 490 1328 567 agrosque
1352 494 1413 548 ad
1443 514 1582 551 mare
1610 518 1727 574 pcr-

271 557 488 612 tinentes
512 564 711 618 evastat.

357 640 559 697 XXIX.
605 644 800 700 Eodem
829 645 931 701 fere
959 663 1191 724 tempore
1226 658 1284 711 L.
1300 655 1538 730 Quintius
1567 661 1721 717 mari·

271 717 416 772 timae
444 738 546 776 orae
584 725 768 797 oppida
805 729 990 798 partim
1020 731 1297 796 voluntate,
1350 740 1537 810 partim
1566 755 1737 821 metu!

268 811 358 852 aut
383 801 431 853 vi
452 805 657 877 recepit.
696 808 879 860 certior
907 810 1082 866 deinde
1112 811 1293 877 faetus,
1336 818 1591 890 Gythium
1623 841 1719 898 op-

267 879 447 951 pidum
479 885 722 939 omnium
748 889 1126 946 maritimarum
1167 912 1340 950 rerum
1387 901 1716 959 Lacedaemo-

270 959 365 1013 niis
397 965 770 1036 receptaculum
809 970 923 1031 effe,
972 990 1070 1027 nec
1108 978 1286 1046 procul
1331 973 1359 1031 ὲ
1402 982 1529 1035 mari
1558 985 1713 1040 eastra

264 1041 508 1097 Romana
541 1044 717 1107 abesse,
756 1050 1000 1106 omnibus
1030 1054 1079 1108 id
1103 1058 1264 1128 copiis
1288 1062 1492 1134 aggredi
1522 1066 1737 1120 consti-.

264 1121 377 1175 tuit.
453 1128 573 1180 Erat
600 1143 663 1181 eo
689 1144 921 1204 tempore
944 1133 1101 1188 valida
1128 1136 1244 1193 urbs
1290 1141 1342 1193 ὅ(
1385 1142 1712 1201 multitudine

262 1200 458 1257 civium
495 1205 894 1286 incolarumque,
973 1219 1024 1269 &
1067 1218 1215 1271 omni
1257 1217 1431 1274 bellico
1471 1243 1706 1297 apparatu

260 1280 516 1340 instrusta.
598 1290 660 1342 In
687 1306 918 1364 tempore
935 1297 1166 1367 Qintio,
1208 1317 1317 1352 rem
1347 1300 1477 1356 haud
1498 1304 1706 1363 facilem

256 1365 586 1436 aggredienti,
618 1387 705 1422 rex
733 1376 989 1428 Eumenes
1015 1381 1067 1432 &
1089 1377 1243 1433 claffis
1268 1378 1591 1440 Rhodiorum
1621 1386 1705 1443 su-

253 1459 599 1513 pervenerunt.
643 1451 820 1524 ingens
840 1453 1119 1511 multitudo
1144 1460 1396 1515 navalium
1424 1464 1706 1532 sociorumf,

257 1517 287 1575 ὲ
312 1524 468 1579 tribus
496 1533 756 1585 contrafita
785 1534 1028 1596 claffibus,
1071 1538 1203 1594 intra
1228 1557 1415 1612 paucos
1439 1545 1542 1600 dies
1568 1567 1697 1605 om-

252 1602 352 1666 nia,
390 1625 505 1679 quae
544 1612 601 1663 ad
633 1615 1074 1689 oppugnationem
1116 1619 1266 1682 urbis,
1310 1638 1436 1678 terra
1473 1630 1704 1703 marique

252 1686 484 1748 munitae,
527 1688 752 1745 facienda
774 1713 925 1766 opera
949 1712 1103 1758 erant,
1142 1700 1330 1758 effecit.
1404 1707 1524 1781 Jam
1544 1711 1702 1765 testu-

249 1763 445 1822 dinibus
470 1770 688 1828 admotis
713 1792 889 1830 murus
912 1776 1258 1839 subruebatur:
1321 1784 1429 1856 jam
1464 1789 1697 1847 arietibus

246 1850 571 1918 quatiebatur.
646 1858 822 1929 Itaque
850 1876 949 1913 una
986 1862 1169 1916 crebris
1199 1863 1384 1920 ietibus
1425 1870 1586 1927 everi}
1621 1875 1695 1929 est

246 1929 419 1992 turrim
459 1933 697 2007 quodque
731 1937 864 1992 circa
891 1943 1026 1996 muri
1051 1957 1169 2004 erat,
1213 1944 1322 1999 casu
1342 1947 1452 2018 ejus
1470 1953 1691 2023 prostra-

245 2019 381 2065 tum.
419 2015 473 2067 &
504 2017 731 2070 Romani
757 2018 904 2073 fimul
927 2017 956 2075 a
983 2038 1148 2095 porta,
1183 2026 1317 2079 unde
1345 2029 1508 2084 aditus
1536 2032 1690 2106 plani-

240 2105 299 2140 or
337 2105 454 2151 erat,
511 2110 569 2149 ut
608 2096 938 2154 distenderent
979 2102 1043 2156 ab
1082 2107 1325 2178 apertiore
1354 2106 1471 2164 loco
1507 2110 1689 2179 hostes,

238 2169 390 2225 fimul
417 2191 503 2244 per
518 2175 828 2247 patefastum
853 2182 993 2236 ruina
1021 2185 1116 2240 iter
1129 2187 1408 2259 irrumpere
1430 2193 1688 2250 conaban-

238 2265 337 2308 tur.
389 2270 486 2309 nec
527 2257 753 2312 multum
796 2258 974 2324 abfuit,
1024 2265 1168 2338 quin,
1209 2265 1310 2340 qua
1354 2270 1686 2342 intenderant,

234 2347 565 2404 penetrarent.
603 2337 683 2393 sed
716 2341 922 2396 tardavit
947 2345 1210 2418 impetum
1239 2367 1418 2405 eorum
1451 2353 1558 2428 spes
1589 2356 1682 2412 ob-¹

234 2411 370 2484 jesta
411 2416 645 2473 dedendae
687 2418 836 2481 urbis,
888 2443 1017 2480 mox
1046 2426 1223 2483 deinde
1258 2432 1433 2487 eadem
1470 2435 1682 2497 turbata.

230 2497 572 2571 Dexagoridas
622 2504 674 2555 &
709 2505 977 2577 Gorgopas
1019 2509 1122 2580 pari
1167 2510 1386 2584 imperio
1435 2533 1681 2586 praeerant

229 2573 356 2630 urbi.
433 2581 769 2653 Dexagoridas
799 2584 996 2641 miserat
1014 2589 1073 2641 ad
1099 2587 1323 2665 legatum
1354 2597 1681 2664 Romanum,

227 2657 496 2712 traditurus
529 2660 725 2716 urbem.
785 2669 839 2720 ὅς
885 2685 1051 2740 quum
1092 2671 1153 2724 ad
1185 2690 1296 2729 eam
1331 2693 1439 2730 rem
1470 2691 1677 2755 tempus

226 2740 278 2793 ὅτ
312 2740 439 2794 ratio
465 2744 790 2805 convenisset,
832 2741 860 2801 ὲ
892 2752 1139 2824 Gorgopa
1178 2754 1407 2826 proditor
1433 2756 1673 2817 interfici-

222 2830 330 2874 tur:
366 2819 701 2896 intentiusque
729 2823 789 2879 ab
815 2845 919 2881 uno
945 2829 1060 2884 urbs
1084 2831 1450 2893 defendebatur.
1497 2843 1553 2896 an
1575 2843 1676 2899 dis·-

222 2900 398 2954 ficiiior
427 2900 557 2956 fasta
583 2909 896 2982 oppugnatio
927 2926 1047 2973 erat,
1088 2915 1139 2967 ni
1180 2921 1248 2971 T.
1275 2918 1517 2989 Quintius
1546 2942 1670 2981 cum

220 2996 434 3064 quatuor
460 2983 678 3067 ouilibus
701 2986 1015 3071 deleAEiprum
1050 2993 1277 3075 militum
1302 2996 1673 3072 supervenisset,

1615 3089 1669 3145 Is
