2063 3607
428 240 549 301 4r2.
900 231 1425 302 ‘DL—lvii

420 342 510 397 est.
594 345 656 398 L.
698 339 921 399 Valerius
959 342 1151 405 consul,
1198 363 1363 420 quum
1403 347 1518 421 post
1558 347 1694 407 fusos
1737 350 1870 408 circa

418 422 654 479 Litanam
698 423 873 480 silvam
913 425 1067 499 Bojos
1099 426 1326 502 quietam
1356 430 1672 502 provinciam
1702 432 1865 490 habu-

412 503 540 566 iffet,
585 504 923 562 comitiorum
963 506 1127 562 cauffa
1166 511 1399 566 Romam
1431 513 1602 569 rediit:
1646 519 1699 572 ὃς
1729 534 1868 571 crea-

740 589 815 643 vit
858 587 1081 644 consules
1126 591 1182 644 P.
1220 591 1520 651 Cornelium
1568 597 1863 670 Scipionem

415 648 548 764 ,Αιῐιῗ
568 644 665 690 chr
740 668 1040 726 Africanum
1073 671 1258 726 iterum
1296 677 1353 731 ὅῑ
1380 674 1465 731 Ti.
1496 680 1862 766 Sempronium

408 787 474 830 v
493 731 664 838 ΐζςε
739 755 1008 827 Longum
1087 755 1294 807 Horum
1327 769 1490 829 patres
1519 759 1693 829 primo
1721 778 1861 815 anno

734 831 939 888 secundi
993 832 1172 888 Punici
1213 832 1321 889 belli
1362 835 1588 892 consules
1642 840 1860 899 fuerant.

400 912 638 968 Praetoria
671 913 787 968 inde
831 912 1047 970 comitia
1086 911 1272 970 hahita.
1311 918 1463 973 creati
1500 921 1555 976 P.
1589 920 1858 978 Cornelius

398 995 590 1069 Scipio,
647 999 702 1052 ὃς
742 995 848 1051 duo
881 998 984 1051 Cn.
1017 996 1259 1058 Cornelii,
1301 998 1539 1054 Merenda
1582 1005 1636 1058 ὅτ
1681 985 1859 1070 masto,

399 1079 456 1132 &
499 1078 599 1131 Cn.
634 1078 899 1133 Domitius
929 1076 1264 1140 AEnobarbus‚
1306 1082 1359 1135 ὅτ
1391 1083 1488 1135 Sex
1513 1082 1753 1157 Digitiu5‚
1792 1090 1853 1144 &

396 1162 466 1213 T.
501 1161 781 1234 Juvencius
821 1157 1034 1218 Thalna.
1117 1160 1359 1215 Comitiis
1395 1161 1635 1233 pei-festis
1677 1166 1853 1223 consul

394 1239 448 1293 in
479 1239 800 1313 provinciam
831 1241 992 1297 rediit.
1072 1243 1296 1296 Novum
1322 1243 1407 1317 jus
1428 1263 1495 1298 eo
1525 1262 1662 1299 anno
1699 1246 1726 1303 ὲ
1758 1252 1851 1304 Fe-

392 1321 720 1377 rentinatibus
740 1335 1029 1385 tentatum3
1076 1335 1134 1376 ut
1164 1323 1349 1385 Latini,
1389 1326 1475 1401 qui
1508 1326 1561 1379 in
1591 1325 1851 1387 coloniam

393 1406 693 1460 Romanam
721 1404 937 1459 nomina
961 1403 1219 1467 dedissent,
1251 1405 1386 1461 cives
1417 1410 1647 1463 Romani
1676 1413 1849 1468 eflent.

393 1485 634 1542 Puteolos
673 1485 1039 1560 Salernumque
1080 1489 1135 1542 &
1176 1488 1465 1543 Buxentum
1494 1483 1729 1563 adscripti
1757 1513 1848 1549 co-

389 1563 497 1621 loni
534 1569 623 1643 qui
657 1568 871 1622 nomina
905 1566 1157 1628 dederant,
1194 1586 1360 1641 quum
1392 1568 1460 1621 ob
1499 1568 1546 1624 id
1576 1569 1625 1624 st:
1649 1590 1743 1645 pro
1772 1575 1848 1629 ci-

385 1647 534 1705 vibus
565 1651 820 1706 Romanis
847 1648 1050 1711 ferrent,
1092 1647 1289 1705 senatus
1314 1649 1577 1725 judicavit,
1618 1670 1722 1710 non
1747 1655 1847 1711 esse

392 1748 481 1786 eos
504 1732 638 1786 cives
671 1735 962 1787 Romanos,

469 1815 672 1869 XLIII.
714 1813 970 1887 Principio
1005 1813 1145 1875 anni,
1197 1831 1303 1888 quo
1341 1815 1400 1871 P.
1442 1814 1615 1890 Scipio
1653 1814 1840 1872 Africa-

381 1911 478 1949 nus
505 1894 691 1950 iterum
720 1899 774 1952 &
801 1896 883 1948 Ti
906 1896 1236 1969 Sempronius
1264 1901 1475 1971 Longus
1502 1896 1727 1953 consules
1756 1898 1840 1954 fu·

381 1990 546 2039 erunt,
603 1974 754 2053 legati
801 1974 1015 2032 Nabidis
1058 1977 1259 2051 tyranni
1308 1979 1543 2032 Romam
1588 1992 1839 2035 venerunt

379 2058 503 2114 duo,
584 2059 678 2113 His
718 2071 857 2113 extra
894 2056 1074 2112 urbem
1121 2059 1172 2112 in
1213 2057 1317 2112 aede
1362 2058 1604 2133 Apoiiinis
1640 2059 1838 2117 senatus

378 2139 527 2196 datus
567 2140 657 2196 est.
695 2158 811 2214 pax,
849 2156 967 2213 quae
996 2158 1119 2194 cum
1164 2145 1229 2196 T.
1264 2140 1480 2212 Quintio
1512 2143 1837 2205 conveniflct,

374 2235 433 2278 ut
457 2236 562 2277 rata
592 2220 711 2277 effet
732 2221 1002 2296 petierunt,
1034 2222 1555 2296 impetraveruntque.
1612 2227 1694 2279 De
1715 2243 1835 2299 pro-

371 2304 554 2360 vinciis
585 2300 763 2377 quum‘
781 2299 995 2359 relatum
1024 2302 1161 2364 eflet,
1197 2302 1393 2357 senatus
1422 2305 1655 2379 frequens
1698 2307 1748 2360 in
1780 2325 1834 2361 e-

369 2403 458 2440 am
495 2386 801 2441 sententiam
831 2382 957 2440 ibat:
1002 2397 1078 2445 ut,
1118 2384 1367 2458 quoniam
1408 2385 1458 2439 in
1497 2385 1731 2458 Hispania
1773 2392 1828 2444 δε

369 2467 671 2523 Macedonia
706 2463 1009 2522 debellatum
1049 2464 1201 2527 foret,
1260 2463 1543 2522 consulibus
1580 2466 1831 2525 ambobus

363 2549 503 2605 Italia
548 2549 811 2623 provincia
851 2547 988 2603 effer.
1083 2547 1254 2621 Scipio
1294 2546 1406 2602 satis
1449 2547 1545 2602 effe
1578 2549 1730 2606 Italiae
1767 2569 1828 2606 u-

365 2649 497 2686 num
528 2630 790 2688 consulem
831 2627 1074 2690 censebat,
1135 2628 1270 2684 alteri
1308 2630 1673 2685 decernendam
1711 2637 1825 2688 Md-

360 2713 631 2769 cedoniam
673 2712 788 2767 effe.
867 2710 1060 2765 Bellum
1092 2729 1261 2781 grave
1294 2710 1358 2764 ab
1387 2710 1621 2765 Antiocho
1660 2716 1826 2767 immi-

353 2814 483 2851 nere.
514 2797 627 2875 jam
668 2796 825 2869 ipsum
847 2794 951 2866 sua
979 2794 1152 2866 sponte
1179 2795 1229 2846 in
1266 2803 1513 2866 Europam
1553 2797 1821 2869 transgres-

339 2879 486 2952 fizm.
561 2875 720 2958 „Quid
743 2877 907 2929 deinde
930 2873 1198 2948 subitarum
1228 2875 1484 2948 censerent,
1521 2894 1679 2950 quum
1710 2875 1821 2931 hinc

358 2960 512 3022 AEtoli
538 2956 679 3014 hanel
713 2957 855 3013 dubi&
881 2954 1023 3030 hostes
1063 2971 1299 3012 vocarent
1340 2956 1410 3012 ad
1445 2954 1643 3020 bellum,
1688 2958 1817 3012 illinc

1701 3047 1814 3098 Aa·
