<?xml version="1.0" encoding="UTF-8"?>
<!DOCTYPE html PUBLIC "-//W3C//DTD XHTML 1.0 Transitional//EN"
    "http://www.w3.org/TR/xhtml1/DTD/xhtml1-transitional.dtd">
<html xmlns="http://www.w3.org/1999/xhtml" xml:lang="en" lang="en">
 <head>
  <title>
</title>
<meta http-equiv="Content-Type" content="text/html;charset=utf-8" />
  <meta name='ocr-system' content='tesseract 3.04.00' />
  <meta name='ocr-capabilities' content='ocr_page ocr_carea ocr_par ocr_line ocrx_word'/>
</head>
<body>
  <div class='ocr_page' id='page_1' title='image "./tliviipatavinih10livygoog_0356.png"; bbox 0 0 2063 3607; ppageno 0'>
   <div class='ocr_carea' id='block_1_1' title="bbox 336 243 1323 336">
    <p class='ocr_par' dir='ltr' id='par_1_1' title="bbox 336 243 1323 336">
     <span class='ocr_line' id='line_1_1' title="bbox 336 243 1323 336; baseline -0.007 -23"><span class='ocrx_word' id='word_1_1' title='bbox 336 271 459 336; x_wconf 76' lang='lat'><strong>350</strong></span> <span class='ocrx_word' id='word_1_2' title='bbox 794 243 1323 310; x_wconf 83' lang='lat' dir='ltr'>T.L1V11</span> 
     </span>
    </p>
   </div>
   <div class='ocr_carea' id='block_1_2' title="bbox 316 337 1806 3102">
    <p class='ocr_par' dir='ltr' id='par_1_2' title="bbox 323 337 1787 2695">
     <span class='ocr_line' id='line_1_2' title="bbox 328 337 1787 413; baseline -0.003 -5"><span class='ocrx_word' id='word_1_3' title='bbox 328 360 536 413; x_wconf 80' lang='lat' dir='ltr'>curaret,</span> <span class='ocrx_word' id='word_1_4' title='bbox 572 350 626 406; x_wconf 85' lang='lat'>&amp;</span> <span class='ocrx_word' id='word_1_5' title='bbox 651 342 834 404; x_wconf 64' lang='lat' dir='ltr'><strong>atanto</strong></span> <span class='ocrx_word' id='word_1_6' title='bbox 860 356 1048 400; x_wconf 86' lang='lat' dir='ltr'><strong>terrore</strong></span> <span class='ocrx_word' id='word_1_7' title='bbox 1073 341 1276 398; x_wconf 84' lang='lat' dir='ltr'><strong>animos</strong></span> <span class='ocrx_word' id='word_1_8' title='bbox 1302 337 1524 396; x_wconf 85' lang='lat' dir='ltr'><strong>militum</strong></span> <span class='ocrx_word' id='word_1_9' title='bbox 1544 343 1787 402; x_wconf 51' lang='lat' dir='ltr'><strong>reficeret?</strong></span> 
     </span>
     <span class='ocr_line' id='line_1_3' title="bbox 327 422 1785 506; baseline -0.005 -17"><span class='ocrx_word' id='word_1_10' title='bbox 327 434 461 506; x_wconf 76' lang='lat' dir='ltr'><strong>Boji,</strong></span> <span class='ocrx_word' id='word_1_11' title='bbox 506 447 562 487; x_wconf 88' lang='lat' dir='ltr'><strong>ut</strong></span> <span class='ocrx_word' id='word_1_12' title='bbox 583 432 655 485; x_wconf 87' lang='lat' dir='ltr'><strong>est</strong></span> <span class='ocrx_word' id='word_1_13' title='bbox 683 446 808 504; x_wconf 87' lang='lat' dir='ltr'><strong>gens</strong></span> <span class='ocrx_word' id='word_1_14' title='bbox 834 423 1054 480; x_wconf 69' lang='lat' dir='ltr'><strong>minime</strong></span> <span class='ocrx_word' id='word_1_15' title='bbox 1075 424 1143 478; x_wconf 91' lang='lat' dir='ltr'><strong>ob</strong></span> <span class='ocrx_word' id='word_1_16' title='bbox 1166 439 1324 477; x_wconf 81' lang='lat' dir='ltr'><strong>morae</strong></span> <span class='ocrx_word' id='word_1_17' title='bbox 1340 422 1543 477; x_wconf 79' lang='lat' dir='ltr'><strong>taedium</strong></span> <span class='ocrx_word' id='word_1_18' title='bbox 1573 430 1785 498; x_wconf 65' lang='lat' dir='ltr'><strong>pmcne,</strong></span> 
     </span>
     <span class='ocr_line' id='line_1_4' title="bbox 327 502 1779 581; baseline -0.006 -11"><span class='ocrx_word' id='word_1_19' title='bbox 327 515 383 570; x_wconf 90' lang='lat' dir='ltr'><strong>in</strong></span> <span class='ocrx_word' id='word_1_20' title='bbox 423 510 610 569; x_wconf 85' lang='lat' dir='ltr'><strong>castella</strong></span> <span class='ocrx_word' id='word_1_21' title='bbox 649 511 735 566; x_wconf 85' lang='lat' dir='ltr'><strong>sua</strong></span> <span class='ocrx_word' id='word_1_22' title='bbox 771 505 1009 581; x_wconf 85' lang='lat' dir='ltr'><strong>vicosque</strong></span> <span class='ocrx_word' id='word_1_23' title='bbox 1046 503 1213 579; x_wconf 79' lang='lat' dir='ltr'><strong>dilapfi</strong></span> <span class='ocrx_word' id='word_1_24' title='bbox 1269 502 1400 558; x_wconf 87' lang='lat' dir='ltr'><strong>sunt.</strong></span> <span class='ocrx_word' id='word_1_25' title='bbox 1496 506 1779 571; x_wconf 69' lang='lat' dir='ltr'><strong>Marcellae,</strong></span> 
     </span>
     <span class='ocr_line' id='line_1_5' title="bbox 328 586 1776 662; baseline -0.005 -10"><span class='ocrx_word' id='word_1_26' title='bbox 328 595 468 652; x_wconf 88' lang='lat' dir='ltr'><strong>Pado</strong></span> <span class='ocrx_word' id='word_1_27' title='bbox 510 591 783 649; x_wconf 84' lang='lat' dir='ltr'><strong>confestim</strong></span> <span class='ocrx_word' id='word_1_28' title='bbox 829 589 1059 662; x_wconf 65' lang='lat' dir='ltr'><strong>trajeEtO,</strong></span> <span class='ocrx_word' id='word_1_29' title='bbox 1116 588 1171 641; x_wconf 90' lang='lat' dir='ltr'><strong>in</strong></span> <span class='ocrx_word' id='word_1_30' title='bbox 1206 599 1388 660; x_wconf 84' lang='lat' dir='ltr'><strong>agrum</strong></span> <span class='ocrx_word' id='word_1_31' title='bbox 1442 586 1776 652; x_wconf 79' lang='lat' dir='ltr'>Comensem,</span> 
     </span>
     <span class='ocr_line' id='line_1_6' title="bbox 328 666 1780 732; baseline -0.004 0"><span class='ocrx_word' id='word_1_32' title='bbox 328 676 418 732; x_wconf 87' lang='lat' dir='ltr'><strong>ubi</strong></span> <span class='ocrx_word' id='word_1_33' title='bbox 462 673 692 732; x_wconf 84' lang='lat' dir='ltr'>Insubres</span> <span class='ocrx_word' id='word_1_34' title='bbox 732 668 1073 726; x_wconf 83' lang='lat' dir='ltr'><strong>Comenfibus</strong></span> <span class='ocrx_word' id='word_1_35' title='bbox 1114 667 1175 723; x_wconf 90' lang='lat' dir='ltr'><strong>ad</strong></span> <span class='ocrx_word' id='word_1_36' title='bbox 1217 684 1358 721; x_wconf 86' lang='lat' dir='ltr'><strong>arma</strong></span> <span class='ocrx_word' id='word_1_37' title='bbox 1401 666 1575 723; x_wconf 85' lang='lat' dir='ltr'><strong>excitis</strong></span> <span class='ocrx_word' id='word_1_38' title='bbox 1624 673 1780 726; x_wconf 86' lang='lat' dir='ltr'><strong>castra</strong></span> 
     </span>
     <span class='ocr_line' id='line_1_7' title="bbox 326 745 1777 827; baseline -0.008 -15"><span class='ocrx_word' id='word_1_39' title='bbox 326 755 591 818; x_wconf 77' lang='lat' dir='ltr'>habebant,</span> <span class='ocrx_word' id='word_1_40' title='bbox 648 754 789 810; x_wconf 86' lang='lat' dir='ltr'><strong>ducit</strong></span> <span class='ocrx_word' id='word_1_41' title='bbox 827 750 1068 827; x_wconf 78' lang='lat' dir='ltr'><strong>legiones,</strong></span> <span class='ocrx_word' id='word_1_42' title='bbox 1105 751 1160 803; x_wconf 89' lang='lat' dir='ltr'><strong>in</strong></span> <span class='ocrx_word' id='word_1_43' title='bbox 1195 745 1303 823; x_wconf 88' lang='lat' dir='ltr'><strong>ipso</strong></span> <span class='ocrx_word' id='word_1_44' title='bbox 1331 746 1506 801; x_wconf 87' lang='lat' dir='ltr'><strong>itinere</strong></span> <span class='ocrx_word' id='word_1_45' title='bbox 1529 749 1777 822; x_wconf 83' lang='lat' dir='ltr'><strong>proelium</strong></span> 
     </span>
     <span class='ocr_line' id='line_1_8' title="bbox 330 827 1781 906; baseline -0.005 -11"><span class='ocrx_word' id='word_1_46' title='bbox 330 840 694 895; x_wconf 83' lang='lat' dir='ltr'><strong>committunt:</strong></span> <span class='ocrx_word' id='word_1_47' title='bbox 738 839 792 893; x_wconf 68' lang='grc' dir='ltr'><strong>ὃς</strong></span> <span class='ocrx_word' id='word_1_48' title='bbox 818 830 990 906; x_wconf 66' lang='lat' dir='ltr'><strong>primo</strong></span> <span class='ocrx_word' id='word_1_49' title='bbox 1013 832 1138 887; x_wconf 90' lang='lat' dir='ltr'><strong>adeo</strong></span> <span class='ocrx_word' id='word_1_50' title='bbox 1182 830 1356 885; x_wconf 85' lang='lat' dir='ltr'><strong>acriter</strong></span> <span class='ocrx_word' id='word_1_51' title='bbox 1381 827 1682 894; x_wconf 84' lang='lat' dir='ltr'><strong>invaserunt,</strong></span> <span class='ocrx_word' id='word_1_52' title='bbox 1721 845 1781 888; x_wconf 87' lang='lat' dir='ltr'><strong>ut</strong></span> 
     </span>
     <span class='ocr_line' id='line_1_9' title="bbox 325 910 1785 995; baseline -0.005 -20"><span class='ocrx_word' id='word_1_53' title='bbox 325 921 681 995; x_wconf 78' lang='lat' dir='ltr'><strong>antefignanos</strong></span> <span class='ocrx_word' id='word_1_54' title='bbox 729 914 1038 988; x_wconf 80' lang='lat' dir='ltr'><strong>impulerint.</strong></span> <span class='ocrx_word' id='word_1_55' title='bbox 1104 912 1242 987; x_wconf 90' lang='lat' dir='ltr'><strong>quod</strong></span> <span class='ocrx_word' id='word_1_56' title='bbox 1283 910 1370 964; x_wconf 84' lang='lat' dir='ltr'><strong>ubi</strong></span> <span class='ocrx_word' id='word_1_57' title='bbox 1413 911 1785 977; x_wconf 77' lang='lat' dir='ltr'><strong>animadvertit,</strong></span> 
     </span>
     <span class='ocr_line' id='line_1_10' title="bbox 329 990 1777 1069; baseline -0.006 -11"><span class='ocrx_word' id='word_1_58' title='bbox 329 1002 517 1058; x_wconf 81' lang='lat' dir='ltr'><strong>veritus</strong></span> <span class='ocrx_word' id='word_1_59' title='bbox 547 1018 612 1055; x_wconf 87' lang='lat' dir='ltr'><strong>ne</strong></span> <span class='ocrx_word' id='word_1_60' title='bbox 641 998 776 1053; x_wconf 87' lang='lat' dir='ltr'><strong>moti</strong></span> <span class='ocrx_word' id='word_1_61' title='bbox 801 994 956 1050; x_wconf 87' lang='lat' dir='ltr'><strong>semel</strong></span> <span class='ocrx_word' id='word_1_62' title='bbox 983 992 1296 1069; x_wconf 82' lang='lat' dir='ltr'><strong>pellerentur,</strong></span> <span class='ocrx_word' id='word_1_63' title='bbox 1337 990 1605 1048; x_wconf 89' lang='lat' dir='ltr'><strong>cohortem</strong></span> <span class='ocrx_word' id='word_1_64' title='bbox 1642 997 1777 1050; x_wconf 86' lang='lat' dir='ltr'><strong>Mar-</strong></span> 
     </span>
     <span class='ocr_line' id='line_1_11' title="bbox 326 1074 1779 1156; baseline -0.004 -18"><span class='ocrx_word' id='word_1_65' title='bbox 326 1083 502 1138; x_wconf 86' lang='lat' dir='ltr'>sorum</span> <span class='ocrx_word' id='word_1_66' title='bbox 545 1079 817 1156; x_wconf 85' lang='lat' dir='ltr'><strong>opposuit:</strong></span> <span class='ocrx_word' id='word_1_67' title='bbox 873 1081 927 1133; x_wconf 84' lang='lat'>&amp;</span> <span class='ocrx_word' id='word_1_68' title='bbox 975 1076 1207 1152; x_wconf 83' lang='lat' dir='ltr'><strong>equitum</strong></span> <span class='ocrx_word' id='word_1_69' title='bbox 1258 1074 1562 1129; x_wconf 88' lang='lat' dir='ltr'><strong>Latinorum</strong></span> <span class='ocrx_word' id='word_1_70' title='bbox 1594 1093 1779 1132; x_wconf 81' lang='lat' dir='ltr'><strong>omnes</strong></span> 
     </span>
     <span class='ocr_line' id='line_1_12' title="bbox 327 1153 1780 1230; baseline -0.004 -11"><span class='ocrx_word' id='word_1_71' title='bbox 327 1153 525 1220; x_wconf 68' lang='lat' dir='ltr'><strong>turmas</strong></span> <span class='ocrx_word' id='word_1_72' title='bbox 552 1164 604 1217; x_wconf 85' lang='lat' dir='ltr'><strong>in</strong></span> <span class='ocrx_word' id='word_1_73' title='bbox 630 1161 832 1217; x_wconf 87' lang='lat' dir='ltr'><strong>hostem</strong></span> <span class='ocrx_word' id='word_1_74' title='bbox 852 1156 1036 1213; x_wconf 87' lang='lat' dir='ltr'><strong>emifit.</strong></span> <span class='ocrx_word' id='word_1_75' title='bbox 1115 1160 1355 1227; x_wconf 87' lang='lat' dir='ltr'><strong>Quorum</strong></span> <span class='ocrx_word' id='word_1_76' title='bbox 1385 1172 1547 1227; x_wconf 86' lang='lat' dir='ltr'><strong>quum</strong></span> <span class='ocrx_word' id='word_1_77' title='bbox 1579 1157 1780 1230; x_wconf 82' lang='lat' dir='ltr'><strong>primus</strong></span> 
     </span>
     <span class='ocr_line' id='line_1_13' title="bbox 327 1233 1779 1317; baseline -0.007 -15"><span class='ocrx_word' id='word_1_78' title='bbox 327 1242 672 1317; x_wconf 86' lang='lat' dir='ltr'><strong>secundusque</strong></span> <span class='ocrx_word' id='word_1_79' title='bbox 695 1243 918 1315; x_wconf 82' lang='lat' dir='ltr'><strong>impetus</strong></span> <span class='ocrx_word' id='word_1_80' title='bbox 943 1236 1196 1293; x_wconf 84' lang='lat' dir='ltr'><strong>retudiffet</strong></span> <span class='ocrx_word' id='word_1_81' title='bbox 1219 1233 1523 1291; x_wconf 88' lang='lat' dir='ltr'><strong>inferentem</strong></span> <span class='ocrx_word' id='word_1_82' title='bbox 1560 1235 1609 1291; x_wconf 89' lang='lat' dir='ltr'><strong>se</strong></span> <span class='ocrx_word' id='word_1_83' title='bbox 1645 1235 1779 1293; x_wconf 85' lang='lat' dir='ltr'><strong>fero-</strong></span> 
     </span>
     <span class='ocr_line' id='line_1_14' title="bbox 328 1315 1778 1390; baseline -0.01 -7"><span class='ocrx_word' id='word_1_84' title='bbox 328 1329 451 1383; x_wconf 84' lang='lat' dir='ltr'><strong>citer</strong></span> <span class='ocrx_word' id='word_1_85' title='bbox 486 1325 707 1386; x_wconf 87' lang='lat' dir='ltr'><strong>hostem,</strong></span> <span class='ocrx_word' id='word_1_86' title='bbox 746 1321 1047 1379; x_wconf 83' lang='lat' dir='ltr'><strong>confirmata</strong></span> <span class='ocrx_word' id='word_1_87' title='bbox 1079 1322 1132 1375; x_wconf 86' lang='lat'>&amp;</span> <span class='ocrx_word' id='word_1_88' title='bbox 1162 1315 1350 1390; x_wconf 88' lang='lat' dir='ltr'><strong>reliqua</strong></span> <span class='ocrx_word' id='word_1_89' title='bbox 1378 1317 1506 1371; x_wconf 87' lang='lat' dir='ltr'><strong>acies</strong></span> <span class='ocrx_word' id='word_1_90' title='bbox 1538 1320 1778 1377; x_wconf 78' lang='lat' dir='ltr'><strong>Romana</strong></span> 
     </span>
     <span class='ocr_line' id='line_1_15' title="bbox 330 1397 1777 1481; baseline -0.014 -16"><span class='ocrx_word' id='word_1_91' title='bbox 330 1408 509 1465; x_wconf 84' lang='lat' dir='ltr'><strong>restitit</strong></span> <span class='ocrx_word' id='word_1_92' title='bbox 535 1403 721 1481; x_wconf 73' lang='lat' dir='ltr'><strong>primo,</strong></span> <span class='ocrx_word' id='word_1_93' title='bbox 765 1402 943 1457; x_wconf 84' lang='lat' dir='ltr'><strong>deinde</strong></span> <span class='ocrx_word' id='word_1_94' title='bbox 972 1401 1113 1477; x_wconf 84' lang='lat' dir='ltr'><strong>figna</strong></span> <span class='ocrx_word' id='word_1_95' title='bbox 1140 1401 1313 1454; x_wconf 85' lang='lat' dir='ltr'><strong>acriter</strong></span> <span class='ocrx_word' id='word_1_96' title='bbox 1348 1397 1532 1453; x_wconf 87' lang='lat' dir='ltr'><strong>intulit.</strong></span> <span class='ocrx_word' id='word_1_97' title='bbox 1570 1417 1663 1454; x_wconf 87' lang='lat' dir='ltr'><strong>nec</strong></span> <span class='ocrx_word' id='word_1_98' title='bbox 1705 1400 1777 1457; x_wconf 85' lang='lat' dir='ltr'><strong>ul.</strong></span> 
     </span>
     <span class='ocr_line' id='line_1_16' title="bbox 327 1479 1776 1553; baseline -0.008 -8"><span class='ocrx_word' id='word_1_99' title='bbox 327 1503 404 1550; x_wconf 85' lang='lat' dir='ltr'><strong>tra</strong></span> <span class='ocrx_word' id='word_1_100' title='bbox 431 1489 765 1546; x_wconf 86' lang='lat' dir='ltr'><strong>sustinuerunt</strong></span> <span class='ocrx_word' id='word_1_101' title='bbox 791 1498 1050 1540; x_wconf 82' lang='lat' dir='ltr'><strong>certamen</strong></span> <span class='ocrx_word' id='word_1_102' title='bbox 1078 1479 1223 1542; x_wconf 86' lang='lat' dir='ltr'><strong>Galli,</strong></span> <span class='ocrx_word' id='word_1_103' title='bbox 1280 1480 1405 1553; x_wconf 82' lang='lat' dir='ltr'><strong>quin</strong></span> <span class='ocrx_word' id='word_1_104' title='bbox 1439 1493 1582 1553; x_wconf 86' lang='lat' dir='ltr'><strong>terga</strong></span> <span class='ocrx_word' id='word_1_105' title='bbox 1613 1498 1776 1538; x_wconf 77' lang='lat' dir='ltr'><strong>verte·</strong></span> 
     </span>
     <span class='ocr_line' id='line_1_17' title="bbox 326 1561 1779 1644; baseline -0.007 -15"><span class='ocrx_word' id='word_1_106' title='bbox 326 1584 458 1634; x_wconf 84' lang='lat' dir='ltr'><strong>rent,</strong></span> <span class='ocrx_word' id='word_1_107' title='bbox 498 1585 648 1644; x_wconf 86' lang='lat' dir='ltr'><strong>atque</strong></span> <span class='ocrx_word' id='word_1_108' title='bbox 675 1561 833 1624; x_wconf 67' lang='lat' dir='ltr'><strong>effuse</strong></span> <span class='ocrx_word' id='word_1_109' title='bbox 876 1565 1125 1639; x_wconf 85' lang='lat' dir='ltr'><strong>fugerent.</strong></span> <span class='ocrx_word' id='word_1_110' title='bbox 1210 1564 1270 1617; x_wconf 93' lang='lat' dir='ltr'><strong>In</strong></span> <span class='ocrx_word' id='word_1_111' title='bbox 1310 1579 1374 1614; x_wconf 90' lang='lat' dir='ltr'><strong>eo</strong></span> <span class='ocrx_word' id='word_1_112' title='bbox 1419 1561 1603 1632; x_wconf 78' lang='lat' dir='ltr'><strong>proelio</strong></span> <span class='ocrx_word' id='word_1_113' title='bbox 1635 1562 1779 1637; x_wconf 87' lang='lat' dir='ltr'><strong>supra</strong></span> 
     </span>
     <span class='ocr_line' id='line_1_18' title="bbox 326 1639 1779 1729; baseline -0.006 -21"><span class='ocrx_word' id='word_1_114' title='bbox 326 1654 655 1729; x_wconf 82' lang='lat' dir='ltr'><strong>quadraginta</strong></span> <span class='ocrx_word' id='word_1_115' title='bbox 684 1647 837 1704; x_wconf 85' lang='lat' dir='ltr'><strong>millia</strong></span> <span class='ocrx_word' id='word_1_116' title='bbox 865 1645 1146 1699; x_wconf 88' lang='lat' dir='ltr'><strong>hominum</strong></span> <span class='ocrx_word' id='word_1_117' title='bbox 1178 1641 1315 1703; x_wconf 65' lang='lat' dir='ltr'><strong>caefir,</strong></span> <span class='ocrx_word' id='word_1_118' title='bbox 1355 1639 1581 1698; x_wconf 84' lang='lat' dir='ltr'><strong>Valerius</strong></span> <span class='ocrx_word' id='word_1_119' title='bbox 1609 1646 1779 1700; x_wconf 82' lang='lat' dir='ltr'><strong>Antias</strong></span> 
     </span>
     <span class='ocr_line' id='line_1_19' title="bbox 324 1720 1781 1806; baseline -0.007 -17"><span class='ocrx_word' id='word_1_120' title='bbox 324 1734 520 1790; x_wconf 82' lang='lat' dir='ltr'><strong>scribit:</strong></span> <span class='ocrx_word' id='word_1_121' title='bbox 569 1736 622 1788; x_wconf 84' lang='lat'>&amp;</span> <span class='ocrx_word' id='word_1_122' title='bbox 647 1731 923 1806; x_wconf 83' lang='lat' dir='ltr'><strong>quingenta</strong></span> <span class='ocrx_word' id='word_1_123' title='bbox 948 1725 1140 1800; x_wconf 88' lang='lat' dir='ltr'><strong>septem</strong></span> <span class='ocrx_word' id='word_1_124' title='bbox 1169 1725 1311 1799; x_wconf 88' lang='lat' dir='ltr'><strong>figna</strong></span> <span class='ocrx_word' id='word_1_125' title='bbox 1346 1720 1579 1778; x_wconf 87' lang='lat' dir='ltr'><strong>militaria</strong></span> <span class='ocrx_word' id='word_1_126' title='bbox 1616 1740 1781 1800; x_wconf 74' lang='lat' dir='ltr'><strong>capta.</strong></span> 
     </span>
     <span class='ocr_line' id='line_1_20' title="bbox 329 1805 1777 1888; baseline -0.009 -15"><span class='ocrx_word' id='word_1_127' title='bbox 329 1820 385 1874; x_wconf 72' lang='lat' dir='ltr'><strong>&amp;z</strong></span> <span class='ocrx_word' id='word_1_128' title='bbox 400 1828 632 1888; x_wconf 86' lang='lat' dir='ltr'><strong>carpenta</strong></span> <span class='ocrx_word' id='word_1_129' title='bbox 643 1811 1011 1888; x_wconf 83' lang='lat' dir='ltr'><strong>quadringenta</strong></span> <span class='ocrx_word' id='word_1_130' title='bbox 1031 1808 1238 1883; x_wconf 83' lang='lat' dir='ltr'><strong>triginta</strong></span> <span class='ocrx_word' id='word_1_131' title='bbox 1260 1805 1453 1885; x_wconf 34' lang='lat' dir='ltr'><strong>duor&amp;</strong></span> <span class='ocrx_word' id='word_1_132' title='bbox 1474 1823 1648 1860; x_wconf 86' lang='lat' dir='ltr'><strong>aureos</strong></span> <span class='ocrx_word' id='word_1_133' title='bbox 1673 1822 1777 1863; x_wconf 80' lang='lat' dir='ltr'><strong>tor-</strong></span> 
     </span>
     <span class='ocr_line' id='line_1_21' title="bbox 328 1888 1778 1971; baseline -0.006 -19"><span class='ocrx_word' id='word_1_134' title='bbox 328 1912 455 1971; x_wconf 80' lang='lat' dir='ltr'><strong>ques</strong></span> <span class='ocrx_word' id='word_1_135' title='bbox 493 1895 718 1954; x_wconf 84' lang='lat' dir='ltr'><strong>multos,</strong></span> <span class='ocrx_word' id='word_1_136' title='bbox 787 1910 849 1946; x_wconf 86' lang='lat' dir='ltr'><strong>ex</strong></span> <span class='ocrx_word' id='word_1_137' title='bbox 893 1888 1073 1965; x_wconf 88' lang='lat' dir='ltr'><strong>quibus</strong></span> <span class='ocrx_word' id='word_1_138' title='bbox 1113 1905 1277 1943; x_wconf 87' lang='lat' dir='ltr'><strong>unum</strong></span> <span class='ocrx_word' id='word_1_139' title='bbox 1319 1888 1495 1961; x_wconf 85' lang='lat' dir='ltr'><strong>magni</strong></span> <span class='ocrx_word' id='word_1_140' title='bbox 1541 1889 1778 1960; x_wconf 87' lang='lat' dir='ltr'><strong>ponderis</strong></span> 
     </span>
     <span class='ocr_line' id='line_1_22' title="bbox 327 1968 1778 2047; baseline -0.006 -14"><span class='ocrx_word' id='word_1_141' title='bbox 327 1976 569 2034; x_wconf 86' lang='lat' dir='ltr'><strong>Claudius</strong></span> <span class='ocrx_word' id='word_1_142' title='bbox 594 1977 648 2031; x_wconf 87' lang='lat' dir='ltr'><strong>in</strong></span> <span class='ocrx_word' id='word_1_143' title='bbox 680 1970 935 2047; x_wconf 86' lang='lat' dir='ltr'><strong>Capitolio</strong></span> <span class='ocrx_word' id='word_1_144' title='bbox 957 1971 1078 2046; x_wconf 82' lang='lat' dir='ltr'><strong>Jovi</strong></span> <span class='ocrx_word' id='word_1_145' title='bbox 1111 1970 1310 2025; x_wconf 91' lang='lat' dir='ltr'><strong>donum</strong></span> <span class='ocrx_word' id='word_1_146' title='bbox 1336 1969 1389 2021; x_wconf 87' lang='lat' dir='ltr'><strong>in</strong></span> <span class='ocrx_word' id='word_1_147' title='bbox 1416 1968 1519 2023; x_wconf 86' lang='lat' dir='ltr'><strong>aede</strong></span> <span class='ocrx_word' id='word_1_148' title='bbox 1548 1969 1778 2041; x_wconf 85' lang='lat' dir='ltr'><strong>pofitum</strong></span> 
     </span>
     <span class='ocr_line' id='line_1_23' title="bbox 325 2049 1778 2126; baseline -0.008 -11"><span class='ocrx_word' id='word_1_149' title='bbox 325 2057 516 2115; x_wconf 76' lang='lat' dir='ltr'><strong>scribit.</strong></span> <span class='ocrx_word' id='word_1_150' title='bbox 598 2056 768 2111; x_wconf 85' lang='lat' dir='ltr'><strong>Castra</strong></span> <span class='ocrx_word' id='word_1_151' title='bbox 790 2072 853 2108; x_wconf 88' lang='lat' dir='ltr'><strong>eo</strong></span> <span class='ocrx_word' id='word_1_152' title='bbox 886 2053 964 2106; x_wconf 90' lang='lat' dir='ltr'><strong>die</strong></span> <span class='ocrx_word' id='word_1_153' title='bbox 995 2049 1259 2107; x_wconf 79' lang='lat' dir='ltr'><strong>Gallorum</strong></span> <span class='ocrx_word' id='word_1_154' title='bbox 1289 2061 1579 2123; x_wconf 82' lang='lat' dir='ltr'><strong>expugnata</strong></span> <span class='ocrx_word' id='word_1_155' title='bbox 1612 2049 1778 2126; x_wconf 81' lang='lat' dir='ltr'><strong>direp-</strong></span> 
     </span>
     <span class='ocr_line' id='line_1_24' title="bbox 329 2131 1776 2222; baseline -0.008 -25"><span class='ocrx_word' id='word_1_156' title='bbox 329 2153 499 2222; x_wconf 79' lang='lat' dir='ltr'><strong>taque.</strong></span> <span class='ocrx_word' id='word_1_157' title='bbox 540 2141 594 2195; x_wconf 70' lang='grc' dir='ltr'><strong>δε</strong></span> <span class='ocrx_word' id='word_1_158' title='bbox 621 2139 858 2191; x_wconf 87' lang='lat' dir='ltr'><strong>Comum</strong></span> <span class='ocrx_word' id='word_1_159' title='bbox 892 2132 1143 2207; x_wconf 88' lang='lat' dir='ltr'><strong>oppidum</strong></span> <span class='ocrx_word' id='word_1_160' title='bbox 1167 2132 1296 2185; x_wconf 89' lang='lat' dir='ltr'><strong>intra</strong></span> <span class='ocrx_word' id='word_1_161' title='bbox 1330 2131 1431 2184; x_wconf 87' lang='lat' dir='ltr'><strong>dies</strong></span> <span class='ocrx_word' id='word_1_162' title='bbox 1469 2149 1657 2205; x_wconf 85' lang='lat' dir='ltr'><strong>paucos</strong></span> <span class='ocrx_word' id='word_1_163' title='bbox 1693 2150 1776 2187; x_wconf 88' lang='lat' dir='ltr'><strong>ca-</strong></span> 
     </span>
     <span class='ocr_line' id='line_1_25' title="bbox 326 2210 1781 2300; baseline -0.007 -22"><span class='ocrx_word' id='word_1_164' title='bbox 326 2236 499 2300; x_wconf 81' lang='lat' dir='ltr'><strong>ptum.</strong></span> <span class='ocrx_word' id='word_1_165' title='bbox 584 2210 792 2273; x_wconf 70' lang='lat' dir='ltr'><strong>Castella</strong></span> <span class='ocrx_word' id='word_1_166' title='bbox 838 2215 956 2268; x_wconf 88' lang='lat' dir='ltr'><strong>inde</strong></span> <span class='ocrx_word' id='word_1_167' title='bbox 1000 2211 1366 2290; x_wconf 84' lang='lat' dir='ltr'><strong>duodetriginta</strong></span> <span class='ocrx_word' id='word_1_168' title='bbox 1409 2211 1472 2265; x_wconf 86' lang='lat' dir='ltr'><strong>ad</strong></span> <span class='ocrx_word' id='word_1_169' title='bbox 1512 2210 1781 2268; x_wconf 80' lang='lat' dir='ltr'><strong>consulem</strong></span> 
     </span>
     <span class='ocr_line' id='line_1_26' title="bbox 323 2283 1783 2370; baseline -0.007 -12"><span class='ocrx_word' id='word_1_170' title='bbox 323 2302 633 2360; x_wconf 83' lang='lat' dir='ltr'><strong>defecerunt.</strong></span> <span class='ocrx_word' id='word_1_171' title='bbox 713 2299 772 2353; x_wconf 90' lang='lat' dir='ltr'><strong>Id</strong></span> <span class='ocrx_word' id='word_1_172' title='bbox 802 2313 1005 2370; x_wconf 83' lang='lat' dir='ltr'><strong>quoque</strong></span> <span class='ocrx_word' id='word_1_173' title='bbox 1040 2295 1170 2349; x_wconf 87' lang='lat' dir='ltr'><strong>inter</strong></span> <span class='ocrx_word' id='word_1_174' title='bbox 1195 2283 1455 2365; x_wconf 75' lang='lat' dir='ltr'><strong>scriptores</strong></span> <span class='ocrx_word' id='word_1_175' title='bbox 1483 2294 1783 2369; x_wconf 68' lang='lat' dir='ltr'><strong>ambigitur,</strong></span> 
     </span>
     <span class='ocr_line' id='line_1_27' title="bbox 324 2371 1776 2451; baseline -0.007 -10"><span class='ocrx_word' id='word_1_176' title='bbox 324 2397 503 2442; x_wconf 86' lang='lat' dir='ltr'><strong>utrum</strong></span> <span class='ocrx_word' id='word_1_177' title='bbox 533 2384 586 2436; x_wconf 83' lang='lat' dir='ltr'><strong>in</strong></span> <span class='ocrx_word' id='word_1_178' title='bbox 617 2378 772 2451; x_wconf 77' lang='lat' dir='ltr'><strong>Bojos</strong></span> <span class='ocrx_word' id='word_1_179' title='bbox 812 2379 965 2450; x_wconf 86' lang='lat' dir='ltr'><strong>prius,</strong></span> <span class='ocrx_word' id='word_1_180' title='bbox 1015 2393 1080 2430; x_wconf 87' lang='lat' dir='ltr'><strong>an</strong></span> <span class='ocrx_word' id='word_1_181' title='bbox 1119 2373 1349 2429; x_wconf 86' lang='lat' dir='ltr'><strong>Insubres</strong></span> <span class='ocrx_word' id='word_1_182' title='bbox 1390 2371 1563 2429; x_wconf 89' lang='lat' dir='ltr'><strong>consul</strong></span> <span class='ocrx_word' id='word_1_183' title='bbox 1588 2377 1776 2431; x_wconf 81' lang='lat' dir='ltr'><strong>exerci-</strong></span> 
     </span>
     <span class='ocr_line' id='line_1_28' title="bbox 324 2452 1777 2529; baseline -0.007 -8"><span class='ocrx_word' id='word_1_184' title='bbox 324 2480 444 2522; x_wconf 83' lang='lat' dir='ltr'><strong>tum</strong></span> <span class='ocrx_word' id='word_1_185' title='bbox 470 2462 735 2521; x_wconf 83' lang='lat' dir='ltr'><strong>induxerit,</strong></span> <span class='ocrx_word' id='word_1_186' title='bbox 781 2454 1137 2529; x_wconf 85' lang='lat' dir='ltr'><strong>adversamque</strong></span> <span class='ocrx_word' id='word_1_187' title='bbox 1173 2452 1401 2528; x_wconf 86' lang='lat' dir='ltr'><strong>prospera</strong></span> <span class='ocrx_word' id='word_1_188' title='bbox 1434 2473 1612 2529; x_wconf 84' lang='lat' dir='ltr'><strong>pugna</strong></span> <span class='ocrx_word' id='word_1_189' title='bbox 1651 2456 1777 2512; x_wconf 82' lang='lat' dir='ltr'><strong>obli-</strong></span> 
     </span>
     <span class='ocr_line' id='line_1_29' title="bbox 326 2535 1778 2610; baseline -0.006 -8"><span class='ocrx_word' id='word_1_190' title='bbox 326 2546 583 2606; x_wconf 77' lang='lat' dir='ltr'><strong>teraverit:</strong></span> <span class='ocrx_word' id='word_1_191' title='bbox 630 2561 694 2599; x_wconf 86' lang='lat' dir='ltr'><strong>an</strong></span> <span class='ocrx_word' id='word_1_192' title='bbox 720 2539 936 2596; x_wconf 76' lang='lat' dir='ltr'><strong>vi6&#39;coria</strong></span> <span class='ocrx_word' id='word_1_193' title='bbox 961 2538 1022 2592; x_wconf 87' lang='lat' dir='ltr'><strong>ad</strong></span> <span class='ocrx_word' id='word_1_194' title='bbox 1041 2538 1278 2591; x_wconf 82' lang='lat' dir='ltr'><strong>Comum</strong></span> <span class='ocrx_word' id='word_1_195' title='bbox 1309 2548 1463 2610; x_wconf 85' lang='lat' dir='ltr'><strong>parta,</strong></span> <span class='ocrx_word' id='word_1_196' title='bbox 1490 2535 1778 2594; x_wconf 70' lang='lat' dir='ltr'><strong>deformata</strong></span> 
     </span>
     <span class='ocr_line' id='line_1_30' title="bbox 329 2619 1058 2695; baseline -0.015 -11"><span class='ocrx_word' id='word_1_197' title='bbox 329 2624 466 2685; x_wconf 80' lang='lat' dir='ltr'><strong>clade</strong></span> <span class='ocrx_word' id='word_1_198' title='bbox 495 2629 546 2680; x_wconf 90' lang='lat' dir='ltr'><strong>in</strong></span> <span class='ocrx_word' id='word_1_199' title='bbox 579 2624 716 2695; x_wconf 73' lang='lat' dir='ltr'><strong>Bojis</strong></span> <span class='ocrx_word' id='word_1_200' title='bbox 742 2633 948 2692; x_wconf 84' lang='lat' dir='ltr'><strong>accepta</strong></span> <span class='ocrx_word' id='word_1_201' title='bbox 979 2619 1058 2675; x_wconf 83' lang='lat' dir='ltr'><strong>fit.</strong></span> 
     </span>
    </p>

    <p class='ocr_par' dir='ltr' id='par_1_3' title="bbox 316 2697 1806 3029">
     <span class='ocr_line' id='line_1_31' title="bbox 375 2697 1779 2773; baseline -0.006 -9"><span class='ocrx_word' id='word_1_202' title='bbox 375 2700 689 2766; x_wconf 58' lang='lat' dir='ltr'>&#39;XXXVIL</span> <span class='ocrx_word' id='word_1_203' title='bbox 736 2703 837 2757; x_wconf 86' lang='lat' dir='ltr'><strong>Sub</strong></span> <span class='ocrx_word' id='word_1_204' title='bbox 864 2701 970 2756; x_wconf 82' lang='lat' dir='ltr'><strong>haec</strong></span> <span class='ocrx_word' id='word_1_205' title='bbox 994 2714 1105 2757; x_wconf 87' lang='lat' dir='ltr'><strong>tam</strong></span> <span class='ocrx_word' id='word_1_206' title='bbox 1135 2699 1261 2757; x_wconf 82' lang='lat' dir='ltr'><strong>varia</strong></span> <span class='ocrx_word' id='word_1_207' title='bbox 1286 2697 1486 2756; x_wconf 83' lang='lat' dir='ltr'><strong>fortuna</strong></span> <span class='ocrx_word' id='word_1_208' title='bbox 1517 2700 1673 2773; x_wconf 83' lang='lat' dir='ltr'><strong>gesta,</strong></span> <span class='ocrx_word' id='word_1_209' title='bbox 1713 2704 1779 2756; x_wconf 86' lang='lat' dir='ltr'><strong>L.</strong></span> 
     </span>
     <span class='ocr_line' id='line_1_32' title="bbox 325 2778 1806 2860; baseline -0.007 -13"><span class='ocrx_word' id='word_1_210' title='bbox 325 2790 505 2847; x_wconf 81' lang='lat' dir='ltr'><strong>Furius</strong></span> <span class='ocrx_word' id='word_1_211' title='bbox 530 2791 793 2860; x_wconf 83' lang='lat' dir='ltr'><strong>Purpureo</strong></span> <span class='ocrx_word' id='word_1_212' title='bbox 813 2780 932 2838; x_wconf 85' lang='lat' dir='ltr'><strong>alter</strong></span> <span class='ocrx_word' id='word_1_213' title='bbox 957 2778 1134 2838; x_wconf 87' lang='lat' dir='ltr'><strong>consul</strong></span> <span class='ocrx_word' id='word_1_214' title='bbox 1151 2798 1238 2855; x_wconf 87' lang='lat' dir='ltr'><strong>per</strong></span> <span class='ocrx_word' id='word_1_215' title='bbox 1265 2778 1457 2835; x_wconf 84' lang='lat' dir='ltr'><strong>tribum</strong></span> <span class='ocrx_word' id='word_1_216' title='bbox 1482 2781 1774 2854; x_wconf 84' lang='lat' dir='ltr'><strong>Sappiniam</strong></span> <span class='ocrx_word' id='word_1_217' title='bbox 1793 2820 1806 2849; x_wconf 47' lang='lat' dir='ltr'><em>J</em></span> 
     </span>
     <span class='ocr_line' id='line_1_33' title="bbox 327 2860 1776 2944; baseline -0.006 -19"><span class='ocrx_word' id='word_1_218' title='bbox 327 2872 384 2938; x_wconf 76' lang='lat' dir='ltr'><strong>‘m</strong></span> <span class='ocrx_word' id='word_1_219' title='bbox 420 2869 576 2944; x_wconf 81' lang='lat' dir='ltr'><strong>Bojos</strong></span> <span class='ocrx_word' id='word_1_220' title='bbox 609 2866 765 2921; x_wconf 80' lang='lat' dir='ltr'><strong>venit..</strong></span> <span class='ocrx_word' id='word_1_221' title='bbox 845 2866 963 2940; x_wconf 87' lang='lat' dir='ltr'><strong>Jam</strong></span> <span class='ocrx_word' id='word_1_222' title='bbox 1005 2862 1164 2919; x_wconf 88' lang='lat' dir='ltr'><strong>castro</strong></span> <span class='ocrx_word' id='word_1_223' title='bbox 1193 2860 1378 2915; x_wconf 85' lang='lat' dir='ltr'><strong>Mutilo</strong></span> <span class='ocrx_word' id='word_1_224' title='bbox 1402 2863 1776 2936; x_wconf 84' lang='lat' dir='ltr'><strong>appropinqua—</strong></span> 
     </span>
     <span class='ocr_line' id='line_1_34' title="bbox 316 2938 1782 3029; baseline -0.007 -20"><span class='ocrx_word' id='word_1_225' title='bbox 316 2949 450 3029; x_wconf 62' lang='lat' dir='ltr'><strong>bat,</strong></span> <span class='ocrx_word' id='word_1_226' title='bbox 502 2967 669 3029; x_wconf 78' lang='lat' dir='ltr'><strong>quum</strong></span> <span class='ocrx_word' id='word_1_227' title='bbox 720 2945 935 3026; x_wconf 50' lang='lat' dir='ltr'><strong>{teritus²</strong></span> <span class='ocrx_word' id='word_1_228' title='bbox 987 2964 1052 3003; x_wconf 88' lang='lat' dir='ltr'><strong>ne</strong></span> <span class='ocrx_word' id='word_1_229' title='bbox 1092 2938 1496 3025; x_wconf 57' lang='lat' dir='ltr'><strong>intereluderegur</strong></span> <span class='ocrx_word' id='word_1_230' title='bbox 1546 2942 1703 3000; x_wconf 82' lang='lat' dir='ltr'><strong>fimul</strong></span> <span class='ocrx_word' id='word_1_231' title='bbox 1750 2941 1782 2999; x_wconf 72' lang='lat' dir='ltr'><strong>a</strong></span> 
     </span>
    </p>

    <p class='ocr_par' dir='ltr' id='par_1_4' title="bbox 1644 3022 1789 3102">
     <span class='ocr_line' id='line_1_35' title="bbox 1644 3022 1789 3102; baseline 0.014 -25"><span class='ocrx_word' id='word_1_232' title='bbox 1644 3022 1789 3102; x_wconf 53' lang='lat' dir='ltr'><strong>ssojis</strong></span> 
     </span>
    </p>
   </div>
  </div>
 </body>
</html>
