2063 3607
373 252 492 334 382
826 248 1366 317 T.L1vl1

364 363 543 419 dextro
569 358 829 435 extemplo
871 358 1013 436 pulsi,
1071 359 1401 438 cedentesque
1425 362 1621 438 trepidi,
1672 362 1830 420 etiam

364 445 522 518 pediti
557 457 803 500 terrorem
847 441 1075 500 intulere.
1167 445 1325 518 Quod
1359 445 1443 501 ubi
1480 446 1605 504 vidit
1642 443 1832 508 consul,

369 527 491 581 duas
534 524 769 582 cohortes
814 523 1029 580 dcletfi'cas
1074 524 1136 579 ab
1175 527 1357 582 dextro
1401 526 1551 583 latere
1604 526 1829 583 hostium

369 606 683 663 circumduci
716 607 860 679 jubet
888 629 903 669 3
945 610 1000 663 δι’.
1025 603 1089 661 ab
1114 620 1260 682 tergo
1290 606 1338 662 se
1365 609 1638 674 ostendere,
1674 607 1833 684 prius-

370 706 525 762 quam
568 701 925 743 concurrerent
958 687 1188 761 peditum
1228 689 1373 746 acies.
1423 691 1464 743 is
1500 701 1658 746 terror
1688 689 1830 765 obje-

369 772 486 825 &us
516 769 644 824 hosti
688 788 800 823 rem
849 781 994 823 metu
1021 772 1388 826 Romanorum
1417 773 1652 846 equitum
1691 771 1834 826 incli-

369 864 545 923 natam
591 850 826 925 aequavit.
874 863 1052 905 tamen
1085 850 1209 904 adeo
1248 851 1428 907 turbati
1472 867 1613 908 erant
1650 854 1834 909 dextrae

369 926 458 988 alae
492 933 685 1007 equites
716 932 1014 1009 peditesque,
1077 946 1133 987 ut
1175 931 1418 1005 quosdam
1459 932 1632 989 consul
1659 952 1833 989 manu

368 1012 474 1088 ipse
512 1013 899 1088 reprehenderit,
952 1018 1005 1068 &
1034 1013 1263 1069 adversos
1300 1015 1352 1067 in
1390 1013 1591 1069 hostem
1622 1016 1837 1072 verterit.

370 1096 441 1153 ita
487 1099 541 1151 &
585 1096 830 1170 quamdiu
868 1092 1131 1150 miffilibus
1163 1108 1465 1170 pugnatum
1509 1098 1596 1157 est,
1650 1116 1834 1169 anceps

371 1195 548 1253 pugna
588 1191 728 1231 erat:
791 1181 844 1234 &
885 1177 994 1250 jam
1041 1175 1068 1231 a
1110 1176 1280 1231 dextra
1321 1187 1478 1249 parte,
1515 1178 1648 1233 unde
1676 1192 1832 1233 terror

373 1262 429 1315 δί
460 1258 585 1333 fuga
614 1273 856 1332 coeperat,
893 1275 1024 1332 aegre
1051 1261 1323 1313 Romanus
1346 1259 1567 1314 restabat.
1650 1262 1693 1313 A
1717 1258 1834 1314 fini-

373 1339 478 1394 stro
518 1357 681 1393 cornu
719 1344 772 1396 ὃς
823 1340 884 1393 ab
924 1339 1096 1394 fronte
1139 1338 1442 1414 urgebantur
1489 1339 1718 1395 barbari:
1779 1344 1830 1397 &

375 1419 609 1476 cohortes
633 1420 693 1474 ab
717 1435 865 1496 tergo
893 1421 1131 1475 instantes
1159 1420 1323 1494 pavidi
1348 1419 1686 1493 respiciebant.
1761 1424 1837 1476 Ut

374 1501 566 1556 emiffis
604 1500 862 1558 soliferreis
907 1500 1211 1576 falaricisque
1265 1500 1453 1578 gladios
1516 1504 1836 1563 strinxerunt,

374 1595 494 1639 tum
526 1582 660 1638 velut
698 1584 1034 1659 redintegrata
1075 1585 1144 1637 est
1171 1602 1360 1659 pugna.
1409 1601 1514 1637 non
1547 1585 1691 1639 caecis
1718 1583 1835 1637 iffi-

376 1664 469 1721 bus
497 1664 674 1738 procul
700 1684 761 1720 ex
790 1664 1072 1738 improviso
1102 1663 1488 1720 vulnerabantur
1518 1686 1527 1719 z
1574 1665 1672 1727 fied,
1712 1665 1836 1739 pede

374 1742 571 1808 collato,
615 1759 723 1803 tota
746 1747 798 1801 in
830 1748 1010 1802 virtute
1035 1764 1094 1800 ac
1119 1746 1306 1800 viribus
1331 1746 1436 1819 spes
1460 1760 1579 1802 erat.

459 1831 580 1883 XV.
630 1828 797 1889 ‘Effos
843 1829 951 1900 jam
993 1825 1105 1883 suos
1145 1826 1319 1882 consul
1363 1846 1420 1881 ex
1464 1825 1679 1882 secunda
1716 1826 1838 1888 acie,

374 1906 669 1965 subsidiariis
706 1909 1000 1965 cohortibus
1030 1909 1083 1962 in
1113 1927 1342 1985 pugnam
1382 1908 1621 1970 induetiS,
1658 1925 1837 1962 accen-

374 1991 469 2046 dit.
508 2008 641 2046 nova
673 1992 801 2045 acies
824 1990 973 2047 faeta.
1010 1991 1213 2065 integri,
1267 1990 1551 2045 recentibus
1581 1988 1693 2046 telis
1725 1987 1838 2044 fati-

375 2085 523 2149 gatos
562 2071 724 2127 adorti
765 2071 949 2134 hostes,
1019 2069 1249 2145 primum
1305 2073 1408 2126 acri
1449 2072 1648 2146 impetu
1705 2069 1840 2125 velut
1878 2064 1887 2073 ’

376 2172 546 2210 cuneo
580 2152 897 2229 perculerunt
932 2175 947 2218 5
999 2153 1177 2208 deinde
1217 2152 1470 2227 diffipatos
1493 2155 1549 2207 in
1576 2152 1756 2229 fugam
1784 2171 1839 2207 a-

374 2249 662 2292 verterunt.-
710 2233 970 2310 effusoque
998 2254 1088 2310 per
1111 2253 1258 2310 agros
1289 2234 1436 2291 cursu
1467 2237 1624 2291 castra
1648 2247 1840 2307 repete·

375 2316 577 2373 bantur.
670 2318 772 2373 Ubi
811 2317 990 2373 omnia
1029 2318 1155 2392 fuga
1199 2315 1453 2390 completa
1495 2317 1622 2373 vidit
1660 2317 1839 2383 Cato5

372 2398 477 2473 ipse
503 2397 565 2453 ad
586 2396 858 2454 secundam
886 2398 1162 2474 legionem,
1206 2417 1321 2473 quae
1362 2400 1413 2452 in
1442 2397 1656 2455 subfidio
1682 2397 1845 2471 posita

370 2494 491 2545 erat,
535 2496 671 2555 equo
698 2480 951 2536 revehitur
976 2502 988 2534 ι
1035 2485 1089 2537 ὃς
1115 2481 1254 2557 signa
1281 2498 1383 2553 prae
1425 2478 1473 2535 se
1500 2479 1631 2541 ferri,
1666 2477 1844 2550 pleno-

374 2581 476 2638 que
497 2562 658 2640 gradu
686 2563 746 2618 ad
777 2563 930 2618 castra
960 2560 1186 2617 hostiurn
1209 2562 1553 2638 oppugnanda
1583 2560 1844 2615 succedere

372 2644 536 2718 jubet.
590 2644 629 2699 fi
661 2645 772 2719 quis
813 2661 954 2700 extra
990 2645 1225 2699 ordinem
1256 2642 1443 2701 avidius
1484 2644 1753 2717 procurrit,
1786 2646 1843 2699 &c

375 2726 478 2801 ipse
506 2727 861 2801 interequitans
900 2726 1043 2801 sparo
1074 2726 1310 2801 percutit,
1366 2731 1418 2782 &
1458 2725 1689 2780 tribunos
1726 2742 1845 2778 cen-

375 2806 696 2883 turionesque
745 2810 981 2885 castigare
1024 2807 1186 2882 jubet.
1267 2810 1385 2883 jam
1430 2809 1584 2863 castra
1616 2805 1841 2861 hostium

371 2888 800 2965 oppugnabantur
828 2912 839 2945 z
879 2889 1100 2965 saxisque
1126 2893 1178 2945 &
1205 2888 1405 2945 sudibus
1433 2894 1486 2946 ὃς
1511 2888 1665 2944 omni
1693 2882 1847 2965 geiie·

373 2991 427 3031 te
471 2970 690 3029 telorum
730 2969 1192 3031 summovebantur
1233 2968 1260 3028 ὲ
1296 2970 1425 3030 vallo
1457 2970 1707 3031 Romani.
1758 2968 1846 3023 ubi

638 3058 672 3108 6
1671 3068 1845 3107 recens
