2063 3607
518 272 987 369 '111ssssss
1069 300 1382 367 xxvm.
1668 316 1712 379 9

347 408 440 464 lv.
483 408 621 462 Laeta
652 410 706 461 δε
742 405 875 479 ipsis,
911 406 999 480 qui
1034 422 1147 459 rem
1183 405 1387 481 geffere,
1422 402 1556 460 urbis
1596 403 1712 475 ejus

255 487 565 564 expugnatio
594 486 719 540 fuit:
766 490 820 541 ὃ(
847 486 1139 560 imperatori
1166 500 1433 560 ceteroque
1472 486 1713 540 exercitui

254 566 534 638 speciosum
563 567 839 621 adventum
868 565 1038 628 suum,
1080 567 1346 642 ingentem
1378 566 1580 621 turbam
1626 584 1710 620 ca-

255 648 517 717 ptivorum
561 665 665 719 prae
706 644 756 700 se
796 662 1015 722 agentes,
1056 645 1303 704 fecerunt.
1373 648 1564 720 Scipio,
1602 644 1709 701 col-

255 725 451 782 laudato
495 724 661 788 fratre,
717 743 899 799 quum,
954 742 1148 801 quanto
1189 741 1386 800 poterat
1430 727 1708 782 verborum

254 804 465 870 honore,
505 806 796 882 Carthagini
828 806 889 860 ab
917 806 965 862 se
995 824 1155 879 captae
1194 824 1394 880 captam
1431 806 1494 864 ab
1526 826 1592 864 eo
1628 811 1706 863 O-

252 886 420 961 r-ingin
463 886 711 961 aequaffet,
764 888 883 960 quia
923 891 978 943 δε
1027 886 1193 942 hiem-s
1227 886 1452 951 instabat,
1506 903 1564 944 ut
1605 905 1704 943 nec

251 977 442 1022 tentare
464 967 645 1027 Gades,
679 984 772 1021 nec
796 967 1070 1040 disjefium
1100 968 1281 1040 passim
1313 987 1401 1042 per
1442 969 1709 1044 provinci-.

251 1063 335 1100 am
366 1047 640 1102 exercitum
673 1046 946 1102 Asdrubalis
972 1048 1250 1103 constetari
1272 1050 1449 1123 posset,
1490 1051 1541 1104 in
1578 1050 1702 1104 cite-

250 1126 436 1182 riorem
469 1126 762 1200 Hispaniam
793 1146 972 1182 omnes
998 1126 1106 1183 suas
1130 1130 1301 1202 copias
1339 1130 1563 1186 reduxit:
1620 1130 1698 1183 di-

250 1206 503 1281 missisque
529 1208 583 1260 in
615 1208 815 1262 hiberna
837 1209 1130 1284 legionibus,
1189 1215 1251 1265 L.
1289 1211 1524 1284 Scipione
1550 1207 1700 1265 fratre
1788 1284 1797 1287 ξ

251 1288 484 1342 Romam
524 1289 691 1349 miffo,
745 1293 799 1345 &t
842 1295 1092 1345 Hannone
1122 1287 1342 1345 hostium
1371 1293 1698 1365 imperatore,

249 1366 520 1441 ceterisque
544 1366 789 1422 nobilibus
822 1371 1050 1441 captivis,
1082 1368 1186 1441 ipse
1209 1376 1550 1426 Tarraconem
1572 1390 1700 1427 con-

248 1446 404 1503 ceffit.
484 1448 677 1502 Eodem
707 1466 841 1502 anno
866 1448 1019 1503 claffis
1048 1452 1303 1512 Romana,
1347 1469 1469 1506 cum
1498 1456 1697 1508 M.Va-

247 1524 368 1580 lerio
423 1529 634 1582 Laevino
685 1526 983 1600 proconsule
1044 1546 1107 1583 ex
1160 1528 1323 1584 Sicilia
1360 1530 1415 1584 in
1461 1533 1693 1587 Africam

244 1604 539 1668 transmissa,
574 1608 631 1662 in
656 1609 880 1662 Uticensi
903 1606 1401 1684 Caithaginienfique
1435 1631 1560 1688 agro
1598 1610 1697 1669 late

245 1685 590 1761 populationes
614 1688 754 1744 fecit.
790 1690 1027 1744 extremis
1058 1689 1242 1745 finibus
1264 1690 1693 1768 Carthaginiensi-

246 1786 335 1821 um
372 1767 501 1823 circa
530 1768 631 1843 ipsa
661 1764 859 1826 moenia
884 1770 1048 1826 Uticae
1074 1772 1250 1845 psaedae
1271 1772 1398 1827 2&ae
1425 1773 1558 1831 sunt.
1586 1779 1692 1830 Re-

240 1849 523 1921 petentibus
553 1848 781 1904 Siciliamx
805 1850 961 1905 claffis
981 1853 1171 1907 Punica
1194 1853 1526 1928 (septuaginta
1551 1869 1694 1912 erant

243 1927 410 2005 longae
435 1931 606 2001 naves)
631 1932 869 1987 occurrit.
905 1931 1084 1986 decem
1125 1938 1178 1989 δε
1208 1932 1401 2007 septem
1429 1955 1578 1991 naves
1625 1955 1690 1993 ex

139 2022 153 2027 ’
243 2009 300 2063 iis
329 2023 485 2083 captae
520 2009 652 2071 sunt,
690 2026 906 2086 quatuor
945 2013 998 2066 in
1024 2011 1126 2068 alto
1152 2014 1352 2070 mersae:
1396 2031 1559 2073 cetera
1579 2016 1689 2073 fusa

240 2108 299 2145 ac
329 2091 500 2167 fugata
527 2090 701 2149 claffis,
776 2097 932 2148 Terra
959 2094 1191 2168 marique
1218 2096 1384 2150 vietor
1414 2100 1694 2154 Romanus

243 2188 368 2226 cum
408 2189 596 2245 magna
624 2171 796 2225 omnis
841 2172 1035 2247 generis
1070 2176 1231 2246 praeda
1274 2176 1555 2249 Lilybaeum
1609 2199 1688 2234 re-

239 2251 383 2323 petit.
459 2253 602 2305 Toto
650 2251 763 2304 inde
805 2253 933 2305 mari
971 2251 1122 2325 pullis
1177 2253 1404 2310 hostium
1454 2260 1694 2325 navibu5‚·

239 2329 416 2405 magni
453 2345 771 2386 commeatus
801 2332 1048 2387 fi-umenti
1074 2337 1309 2389 R‘omam
1330 2335 1581 2397 subveni.

264 2444 269 2451 1
320 2418 387 2467 V.
428 2410 682 2482 Principio
719 2413 895 2467 aestatis
932 2413 1061 2485 ejuS,
1102 2433 1202 2488 qua
1229 2416 1339 2473 haec
1369 2417 1485 2475 sunt
1525 2421 1687 2497 gesta,

237 2495 295 2548 P.
319 2491 562 2565 Sulpicius
593 2491 853 2565 proconsul
877 2497 931 2547 &
963 2491 1154 2558 Attalus
1182 2514 1267 2552 rex
1296 2517 1457 2572 quum
1484 2503 1685 2579 AEginae

232 2573 382 2642 (ficut
406 2587 519 2626 ante
534 2572 736 2628 distum
759 2574 850 2643 est)
871 2571 1218 2639 hibernassent,
1258 2583 1520 2646 Lemnum
1546 2584 1684 2649 inde,

155 2667 162 2670 ’
235 2651 609 2726 claffajunsta‚
663 2657 916 2709 Romanae
949 2656 1170 2729 quinque
1216 2662 1268 2715 &
1308 2661 1491 2736 viginti
1529 2667 1681 2738 quin-

235 2751 513 2806 queremeS,
550 2733 699 2809 regiae
725 2735 947 2808 quinque
976 2741 1027 2792 &
1058 2739 1263 2814 triginta
1284 2741 1679 2805 transmiserunt.

234 2817 299 2870 Et
331 2813 598 2888 Philippus,
635 2830 709 2877 ut,
743 2817 827 2871 seu
854 2828 982 2872 terra
1017 2814 1102 2872 seu
1146 2820 1272 2875 mari
1310 2822 1515 2879 obviam
1551 2846 1677 2882 eun-

234 2894 360 2949 dum
405 2893 534 2948 hosti
576 2898 723 2959 foret,
775 2910 974 2971 paratus
999 2899 1060 2954 ad
1094 2918 1278 2957 omnes
1304 2917 1512 2963 conatus
1538 2908 1674 2971 eflet,

231 2974 331 3055 ipse
361 2977 739 3043 Demetriadem
753 2979 817 3036 ad·
838 2998 978 3052 mare
1003 2980 1279 3043 descendit:
1325 2986 1566 3046 Lariffam
1593 2990 1674 3044 di-

950 3064 994 3143 ᾼ
1021 3082 1059 3138 5
1576 3089 1667 3130 em
