2063 3607
985 95 989 119 l

382 258 409 269 ν
554 174 971 247 LIBER
1059 188 1288 261 XXX.
1498 223 1612 287 ιφ

150 278 370 354 *praetori
400 281 582 356 prioris
616 289 733 344 anni
764 307 885 348 cum
923 296 1141 356 totidem
1184 305 1395 366 navibus
1429 317 1614 373 tuenda

166 361 282 417 data
307 363 397 420 est.
432 364 525 420 tria
549 368 702 424 millia
727 371 950 432 militum
980 379 1030 435 in
1057 402 1174 451 eam
1203 387 1403 448 claffem
1437 414 1501 451 ex
1526 398 1614 454 de-

167 455 306 499 creto
341 445 548 501 Patrum
587 451 812 508 consules
844 456 1155 533 scripserunt,
1202 473 1254 525 δε
1286 471 1417 529 duas
1455 477 1616 555 legio·

168 540 260 578 nes
285 524 496 582 urbm-ras
522 528 582 583 ad
620 531 808 589 incerta
841 536 966 595 belli.
1049 546 1299 619 Hispaniae
1320 572 1441 612 cum
1474 576 1617 616 exer·

166 603 347 660 citibus
368 606 690 685 imperioque
709 617 957 676 veteribus
980 623 1383 699 imperatoribus,
1421 643 1616 723 Lentu-

163 682 217 740 lo
258 689 313 741 &
353 691 414 743 L.
446 691 640 746 Manlio
678 696 909 762 Acidim),
949 704 1173 767 decretae.
1256 714 1455 792 Viginti
1490 740 1612 780 om·

165 767 292 819 nino
321 765 617 843 legion-ibus,
655 776 709 830 &
739 795 947 836 centum
973 785 1227 864 sexaginta
1255 800 1468 857 navibus
1501 802 1615 861 lon-

166 847 244 921 gis
273 865 351 901 res
379 853 623 908 Romana
650 872 715 909 eo
740 876 879 914 anno
905 869 1056 939 gesta.
1138 875 1376 933 Praetores
1414 881 1465 937 in
1492 902 1616 957 pro-

166 927 354 983 vincias
376 930 445 985 ire
467 934 603 1004 juffi.
643 937 942 999 Consulibus
967 948 1294 1022 imperatum,
1320 963 1613 1040 priusquam

167 1006 229 1062 ab
265 1010 384 1068 urbe
424 1015 873 1085 proficiscerentur,
923 1026 1066 1084 ludos
1116 1053 1331 1114 magnos
1377 1041 1643 1111 facerent„

166 1105 298 1162 quos
334 1097 398 1149 T.
432 1094 653 1157 Manlius
690 1105 980 1177 Torquatus
1018 1112 1238 1173 distator
1276 1122 1327 1174 in
1370 1128 1614 1199 quintum

166 1188 360 1224 annum
407 1178 635 1240 vovisset,
675 1181 712 1234 fi
750 1186 932 1243 eodem
977 1192 1105 1249 statu
1144 1199 1414 1273 respublica
1450 1211 1615 1268 staret„

167 1253 237 1306 Ec
259 1269 416 1308 novas
439 1256 710 1331 ‘religiones
732 1266 1014 1328 excitabant
1040 1275 1090 1330 in
1118 1282 1300 1337 animis
1329 1284 1612 1348 hominum

163 1332 395 1408 prodigia
419 1353 483 1391 ex
510 1339 730 1411 pluribus
759 1342 880 1400 locis
911 1356 1160 1413 nunciata.
1202 1366 1399 1421 Aurum
1424 1370 1476 1425 in
1510 1376 1612 1428 Ca-

163 1410 348 1483 pitolio
384 1419 527 1470 corvi
568 1439 674 1476 non
712 1421 936 1485 lae—eran}
979 1436 1177 1494 tantum
1218 1447 1387 1502 rostris
1421 1453 1613 1516 crediti,

167 1489 248 1546 scd
286 1494 440 1551 etiam
473 1500 643 1559 edifle.
737 1508 911 1565 Mures
945 1516 1079 1572 Antii
1120 1540 1364 1582 coronam
1406 1551 1608 1592 auream

162 1573 392 1632 arrosere.
472 1581 622 1639 Circa
666 1586 896 1659 Capuam
927 1613 1154 1656 omnem
1187 1623 1367 1682 agrurn
1399 1608 1615 1674 locusta-

165 1670 282 1708 rum
327 1659 399 1711 vis
441 1659 638 1737 ingens,
696 1667 765 1722 ita
804 1686 859 1726 ut
902 1677 1035 1733 unde
1078 1684 1384 1746 adveniffent
1426 1713 1611 1769 parum

165 1737 429 1799 constaret,
466 1745 765 1820 complevit.
842 1755 1094 1828 Equuleus'
1120 1768 1279 1824 Reate
1303 1790 1424 1829 cum
1462 1779 1615 1852 quin—

163 1833 266 1889 que
287 1819 497 1893 pedibus
516 1841 678 1884 natus.
759 1832 1002 1911 Anagniae
1030 1842 1174 1917 sparfi
1204 1850 1434 1924 primum
1468 1859 1614 1934 ignes

165 1896 220 1951 in
262 1899 418 1963 coelo,
456 1904 571 1961 dein
611 1910 696 1966 fax
734 1911 912 1987 ingens
945 1925 1081 1981 arsit.
1158 1932 1432 1990 Frusmone
1469 1956 1614 1997 arcus

166 1976 322 2035 iblem
360 1988 502 2040 tenui
538 1988 664 2047 linea
701 1995 1001 2068 amplexu55
1049 2008 1293 2068 circulum
1322 2015 1508 2075 deinde
1537 2023 1615 2097 ip-

164 2057 278 2115 sum
311 2066 481 2137 major
517 2069 630 2127 solis
653 2072 785 2131 orbis
814 2082 1117 2142 extrinsecus
1141 2092 1354 2153 inclusit.
1434 2105 1617 2176 Arpini

165 2152 291 2196 terra
331 2152 600 2219 campestri
625 2173 751 2230 agro
784 2158 835 2212 in
872 2162 1132 2237 ingentem
1164 2173 1330 2242 finum
1371 2182 1616 2243 consedit.

164 2222 449 2282 Consulum
477 2228 612 2289 alteri
638 2237 863 2309 primam
896 2241 1114 2303 hostiam
1146 2251 1436 2318 immolanti
1464 2280 1627 2342 caput&

162 2299 402 2373 jecinoris
427 2309 601 2373 defuit.
646 2322 717 2374 Ea
743 2322 969 2398 prodigia
995 2331 1273 2401 majoribus
1297 2338 1471 2399 hostiis
1499 2367 1618 2422 pro-

166 2397 354 2443 curata.
390 2390 507 2446 editi
545 2391 574 2450 ὲ
609 2397 825 2475 collegio
860 2408 1170 2478 pontificum
1209 2419 1297 2474 Dii
1331 2424 1513 2497 quibus
1548 2429 1623 2485 fa·

117 2512 120 2516 .
163 2466 483 2529 crificaretur.

239 2549 344 2607 1111.
384 2553 452 2608 lis
483 2556 754 2623 transaffls,
794 2566 1018 2625 consules
1050 2578 1390 2657 praetoresque
1421 2587 1474 2643 in
1498 2608 1619 2664 pro-

166 2626 613 2707 vincias3pr0feffi.
654 2644 895 2703 omnibus
927 2663 1099 2711 tamen
1117 2661 1293 2730 (velut
1319 2684 1436 2725 eam
1470 2670 1618 2732 sorti-
1688 2672 1695 2677 ’

168 2709 266 2778 tis)
295 2711 473 2770 Africae
497 2737 614 2778 cura
642 2738 759 2781 erat.
797 2726 881 2785 stu
908 2733 1035 2807 quia.
1061 2737 1129 2794 ibi
1155 2740 1417 2805 summam
1442 2770 1612 2812 rerum

168 2787 380 2865 bellique
417 2799 543 2853 verti
578 2806 847 2865 cernebant
871 2835 889 2866 .·
937 2815 1021 2870 seu
1065 2835 1120 2877 ut
1160 2825 1388 2900 Scipioni
1422 2839 1614 2908 gratifi-

161 2887 411 2945 carentur,
464 2880 517 2938 in
555 2900 709 2960 quem
748 2902 865 2950 tum
908 2901 1084 2960 omnis
1118 2905 1253 2975 versa
1289 2913 1464 2972 civitas
1496 2935 1619 2975 erat.

326 2989 331 2993 ⁷
1434 3000 1615 3075 Itaque
