2063 3607
521 282 584 346 L
625 281 651 345 1
693 279 745 343 B
782 277 837 343 E
878 277 939 344 R
1003 265 1319 350 XXV111.
1572 298 1651 365 ις

210 386 284 446 'est
308 387 656 463 Opuntiorum
688 383 824 443 urbis
855 382 990 441 mille
1018 386 1251 461 paffuum
1283 387 1313 446 ὲ
1354 389 1484 446 mari
1531 391 1658 463 fitae)

213 472 427 544 trajecit.

293 553 415 605 VII.
432 546 719 622 Philippum
735 549 947 625 &ignes
961 547 1023 603 ab
1034 553 1173 605 Oreo
1188 548 1309 605 editi
1334 568 1660 618 monuerant,

212 627 295 684 sed
314 626 460 685 serius
492 628 699 683 Platoris
730 629 903 685 fraude
926 629 956 684 ὲ
979 630 1173 704 specula
1193 631 1326 686 elati:
1383 636 1439 689 &
1473 635 1658 709 impari

193 711 481 766 ‘maritimis
512 708 699 764 viribus
722 708 852 765 haud
882 709 1036 764 facilis
1054 724 1162 766 erat
1191 711 1246 765 in
1272 711 1482 768 insulam
1522 716 1658 771 clasii

139 778 146 784 ⁸
213 791 447 847 accessus,
499 789 566 843 ita
614 807 692 844 res
735 809 824 864 per
869 791 1252 846 cunctationem
1299 794 1498 851 omiffix.
1575 796 1658 851 Ad

126 920 130 925 Α
211 869 459 926 Chalcidis
503 868 763 932 auxilium,
809 869 897 925 ubi
938 871 1145 947 fignum
1189 875 1398 947 accepit,
1437 875 1660 953 impigre

211 951 284 1005 est
312 964 506 1007 motuS.
547 968 669 1005 nam
701 955 755 1006 δε
795 951 899 1025 ipsa
938 950 1155 1015 Chalcis,
1193 972 1484 1029 quanquam
1525 956 1661 1029 ejus-

212 1030 330 1085 dem
365 1031 534 1086 insulae
557 1030 672 1085 urbs
695 1033 783 1093 est,
826 1044 1002 1086 tamen
1024 1033 1148 1087 adeo
1174 1035 1318 1089 arete
1348 1035 1659 1093 interscindi·
1696 1109 1703 1113 .

212 1122 294 1164 tur
334 1109 481 1174 frete,
534 1123 594 1166 ut
636 1126 794 1184 ponte
825 1112 1110 1168 continenti
1131 1114 1390 1189 jungatur,
1433 1130 1660 1193 terraque

209 1190 404 1246 aditum
438 1190 713 1247 faciliorem
742 1190 899 1265 quam
927 1193 1057 1248 mari
1083 1193 1276 1252 habeat.
1351 1197 1515 1272 Igitur
1538 1199 1661 1255 Phi-

208 1268 371 1344 lippus
411 1272 615 1344 dejecto
645 1273 887 1341 praesidio,
943 1272 1159 1348 fulisque
1180 1274 1381 1339 AEtolis‚
1437 1280 1525 1352 qui
1566 1278 1660 1334 sal·

214 1362 328 1404 tum
358 1349 823 1424 Thermopylarum
847 1354 1141 1415 insidebant,
1181 1374 1344 1430 quum
1376 1355 1438 1413 ab
1467 1362 1661 1416 Deme-

212 1429 371 1484 triade
411 1432 714 1493 Scotussam,
762 1432 877 1485 inde
917 1433 978 1485 de
1026 1436 1168 1489 tertia
1208 1436 1372 1510 vigilia
1397 1437 1661 1512 profestus

212 1509 432 1582 trepidos
467 1508 631 1564 hostes
674 1510 969 1567 Heracleam
1020 1514 1356 1587 compuliffet,
1404 1518 1506 1591 ipse
1548 1537 1664 1576 unos

214 1588 294 1642 die
324 1587 557 1644 Phocidis
587 1588 795 1645 Elatiam
824 1590 976 1649 millia
1003 1593 1217 1666 amplius
1244 1595 1501 1673 sexaginta
1533 1620 1660 1657 con-

213 1669 391 1725 tendit.
466 1669 662 1725 Eodem
693 1671 855 1726 ferme
881 1672 961 1727 die
996 1673 1058 1729 ab
1092 1670 1259 1731 Attalo
1286 1696 1403 1754 rege
1434 1683 1660 1754 Opunti-

216 1766 370 1805 orum
396 1749 512 1805 urbs
537 1765 679 1825 capta
700 1752 1040 1827 diripiebatur.
1067 1758 1370 1815 concesserat
1394 1775 1509 1815 eam
1530 1781 1660 1837 prae·-

212 1829 331 1884 dam
363 1832 468 1905 regi
494 1829 757 1904 Sulpicius,
811 1835 928 1908 quia
955 1839 1152 1892 Oreum
1191 1856 1379 1912 paucos
1414 1856 1528 1898 ante
1557 1846 1662 1900 dies

215 1909 276 1963 ab
324 1914 568 1966 Romano
613 1910 790 1974 milite,
856 1916 1138 1988 expertibus
1173 1920 1342 1995 regi-i5‚
1396 1922 1663 1996 direptum

215 1988 392 2046 fuerat.
469 1994 651 2065 Quum
680 1995 920 2050 Romana
946 1994 1100 2053 classis
1127 2002 1325 2071 Oreum
1364 2000 1416 2058 se
1451 2004 1665 2079 recepiss

214 2067 302 2131 set,
344 2070 552 2133 Attalus,
587 2072 790 2148 ignarus
825 2075 1066 2132 adventus
1107 2076 1339 2155 Philippi,
1375 2086 1602 2157 pecuniis
1628 2084 1661 2143 ὲ

212 2151 520 2224 principibus
547 2155 802 2227 exigendis
827 2156 1018 2210 terebat
1042 2170 1264 2232 tempuS.
1307 2163 1530 2238 adeoque
1555 2167 1660 2221 im-

212 2229 409 2301 provisa
430 2249 508 2285 res
533 2232 648 2293 fuit,
686 2247 757 2294 ut,
802 2235 895 2288 nifi
920 2237 1240 2293 Cretensium
1258 2242 1485 2315 quidam,
1526 2243 1664 2305 fort&

213 2308 508 2382 pabulatum
531 2310 592 2364 ab
617 2310 738 2365 urbe
760 2311 959 2387 longius
982 2318 1241 2390 progreff1,
1282 2339 1471 2398 agmen
1502 2325 1661 2384 hosti-

214 2407 306 2443 um
333 2389 509 2464 procul
532 2390 913 2464 conspexissent,
950 2398 1175 2470 opprimi
1194 2405 1431 2472 potuerit.
1517 2411 1663 2465 Atta·

212 2467 288 2524 lus
308 2471 513 2527 inermis
538 2484 688 2546 atque
714 2473 1106 2548 incompositus,
1144 2479 1290 2537 curfii
1323 2483 1484 2542 effuso
1519 2507 1667 2546 mare

211 2567 271 2604 ac
297 2568 446 2607 naves
472 2553 617 2627 petit.
650 2557 705 2610 &
731 2553 1054 2611 molientibus
1084 2557 1146 2613 ab
1188 2573 1315 2617 terra
1360 2583 1511 2624 naves
1542 2570 1663 2626 Phi.

206 2627 374 2704 lippus
419 2631 730 2707 supervenit,
797 2635 1184 2713 tumultumque
1225 2643 1382 2699 etiam
1425 2666 1487 2703 ex
1532 2662 1662 2709 terra

214 2712 424 2767 nauticis
465 2711 690 2788 praebuit.
742 2716 856 2770 inde
886 2721 1151 2791 Opuntem
1186 2722 1345 2787 rediit,
1386 2730 1523 2784 Deos
1562 2731 1661 2787 ho-

213 2790 472 2866 minesque
495 2793 748 2858 aceniam,
782 2792 917 2869 quod
942 2811 1098 2857 tantae
1125 2804 1196 2856 rei
1218 2801 1477 2864 fortunam
1507 2830 1568 2867 ex
1599 2832 1663 2868 o·

214 2871 336 2927 culis
360 2890 515 2947 prope
553 2888 747 2949 raptam
787 2879 1040 2939 amisisset.
1117 2886 1327 2956 Opuntii
1358 2907 1565 2966 quoque
1595 2894 1660 2949 ab

212 2951 390 3030 §adem
411 2953 483 3014 ira
514 2953 782 3038 increpiti,u
801 2957 958 3042 quod,
1011 2981 1177 3042 quum
1214 2964 1406 3029 trahere
1439 2973 1659 3028 obfidio-

1530 3070 1655 3113 nem
