2063 3607
357 278 482 357 416
815 277 1348 345 T.L1V11

348 379 410 432 ad
440 379 781 456 pugnandum
818 379 856 435 fi
901 381 1014 454 quis
1052 395 1228 438 contra
1258 380 1575 459 egrederetur
1596 405 1614 440 .·
1655 384 1807 442 tertio

343 460 444 535 vix
444 459 634 516 subiere
673 461 733 516 ad
776 459 981 526 vallum,
1040 464 1296 538 castraque
1346 464 1408 521 ab
1460 467 1610 522 omni
1654 465 1804 523 fimui

342 555 486 614 parte
513 542 727 618 aggreffi
764 541 898 599 sunt.
977 542 1169 599 Consul
1196 544 1458 619 extemplo
1484 566 1627 604 arma
1654 566 1804 623 cape-

344 639 400 676 re
431 622 813 695 milites‘fiuffit.
852 639 1074 680 armatos
1102 626 1217 680 inde
1241 626 1496 702 paullisper
1529 630 1803 692 continuit,

343 716 403 759 ut
435 708 491 761 ὃς
529 703 763 759 stolidam
792 705 1034 762 fiduciam
1064 706 1196 762 hosti
1225 723 1446 781 augeret,
1487 714 1540 767 &c
1567 709 1801 784 dispone·-

340 798 418 839 ret
448 786 636 859 copiaS,
665 786 848 860 quibus
875 805 1088 861 quaeque
1106 791 1265 861 portis
1289 805 1636 865 erumperent.
1670 796 1804 847 Duae

342 864 569 941 legiones
610 866 799 922 duabus
841 868 1194 942 principalibus
1232 872 1396 944 portis
1440 873 1582 947 figna
1627 871 1804 927 efferre

342 947 500 1018 juffae.
538 947 619 1002 sed
656 949 709 1002 in
742 948 850 1021 ipso
879 951 1019 1004 exitu
1047 952 1114 1004 ita
1142 951 1356 1007 conferti
1393 951 1625 1008 obstitere
1651 951 1805 1013 Galli,

345 1041 404 1082 ut
446 1028 728 1084 clauderent
769 1031 926 1086 viam.
1006 1032 1109 1085 Diu
1150 1033 1202 1086 in
1238 1034 1478 1108 angustiis
1509 1047 1802 1109 pugnatum

343 1109 435 1165 est.
489 1126 584 1164 nec
627 1111 811 1166 dextris
854 1111 1020 1186 magis
1080 1109 1350 1187 gladiisque
1400 1113 1663 1190 gerebatur
1707 1132 1802 1177 reS,
1895 1151 1903 1157 -

346 1187 505 1264 quam
548 1189 701 1246 scutis
735 1189 1127 1267 corporibusque
1166 1192 1285 1268 ipsis
1317 1195 1494 1250 obnixi
1528 1193 1798 1271 urgebant:

343 1274 596 1334 Romani,
636 1287 692 1328 ut
731 1274 871 1348 signa
914 1274 1050 1328 foras
1086 1270 1359 1340 efferrent3
1405 1273 1554 1337 Galli,
1614 1290 1671 1331 ut
1714 1288 1801 1333 aut

341 1353 436 1425 ipfi
467 1354 522 1408 in
549 1356 705 1409 castra
730 1367 1061 1428 penetrarent,
1103 1368 1190 1412 aut
1217 1358 1350 1412 exire
1379 1360 1651 1412 Romanos
1680 1374 1801 1431 pro-

342 1432 590 1491 hiberent.
634 1454 726 1490 nec
760 1434 875 1493 ant&
915 1436 968 1490 in
1005 1436 1136 1491 hanc
1171 1452 1257 1493 aut
1283 1436 1418 1494 illam
1452 1452 1644 1513 partem
1682 1456 1803 1493 mo-

344 1517 450 1571 veri
474 1518 602 1572 acies
633 1530 923 1591 potuerunt,
967 1516 1123 1592 quam
1157 1523 1228 1592 Q
1252 1520 1511 1574 vidtorins
1542 1518 1693 1592 primi
1723 1520 1803 1592 pi-

342 1597 378 1652 li
406 1598 653 1660 centuriO,
695 1602 747 1654 &2
789 1601 855 1655 C.
880 1601 1079 1654 Atinius
1111 1600 1341 1655 tribunus
1365 1600 1612 1678 militum,
1652 1619 1800 1673 quar-

346 1691 413 1734 tae
435 1679 536 1741 hic,
583 1677 662 1736 ille
693 1679 922 1735 fiecundae
941 1680 1174 1754 legioniS,
1196 1682 1342 1750 (rem
1374 1682 1422 1735 in
1451 1679 1629 1754 asperis
1656 1700 1800 1754 proe-

348 1759 424 1816 liis
457 1760 581 1836 saepe
618 1764 900 1832 tentatam)
928 1762 1066 1837 tigna
1089 1762 1323 1837 adempta
1348 1762 1593 1839 signiferis
1624 1761 1676 1816 in
1704 1761 1799 1817 ho-

345 1844 442 1897 stes
477 1842 723 1914 jecerunt.
780 1844 908 1899 dum
948 1858 1182 1919 repetunt
1220 1841 1368 1900 enixe
1398 1845 1624 1922 fignum,
1662 1844 1800 1919 prio-

345 1942 422 1979 res
443 1921 710 1981 secundani
739 1924 788 1981 se
809 1940 955 2001 porta
983 1925 1195 1998 ejecere.

433 2009 659 2063 XLVII.
696 2008 817 2082 Jam
850 2006 905 2060 hi
928 2021 1065 2062 extra
1093 2005 1279 2063 vallum
1313 2005 1623 2083 pugnabant,
1650 2024 1802 2082 quar·-

349 2101 398 2142 ta
434 2086 634 2162 legione
662 2089 715 2142 in
750 2103 895 2164 porta
932 2089 1162 2151 haerente,
1203 2107 1369 2163 quum
1400 2088 1520 2143 alius
1549 2088 1807 2145 tumultus

345 2186 409 2222 ex
447 2167 612 2223 aversa
648 2186 787 2242 parte
828 2171 1105 2226 castrorum
1148 2172 1220 2225 est
1249 2184 1467 2226 exortus,
1509 2172 1562 2225 in
1590 2184 1795 2243 portam

345 2251 665 2324 quaestoriam
704 2252 979 2326 irruperant
1022 2250 1180 2308 Galli:
1239 2251 1607 2325 resistentesque
1646 2252 1802 2326 perti·-

343 2327 524 2387 nacius
566 2333 854 2388 occiderant
893 2338 949 2389 L.
986 2334 1313 2388 Postumium
1348 2334 1666 2407 quaestorem,
1713 2333 1797 2388 cui

348 2417 633 2488 Tympano
673 2412 770 2471 fuit
807 2433 1133 2490 cognomen5
1179 2419 1231 2469 ὃς
1279 2417 1357 2471 Μ.
1384 2416 1616 2470 Atinium
1651 2418 1703 2470 δε
1735 2417 1794 2469 P.

347 2495 714 2569 Sempronium
755 2496 1024 2571 praefectos
1064 2494 1279 2557 socium,
1325 2501 1377 2552 &
1414 2497 1660 2551 ducentos
1698 2492 1800 2550 fer-

347 2593 438 2636 me
478 2577 682 2634 milites,
756 2580 917 2652 Capta
949 2578 1010 2633 ab
1053 2597 1110 2633 ea
1140 2592 1276 2652 parte
1316 2579 1467 2633 castra
1510 2588 1668 2638 erant,
1704 2577 1798 2631 do·
1850 2592 1861 2602 ’

344 2675 442 2714 nec
484 2657 667 2714 cohors
705 2660 1108 2722 extraordinaria,
1144 2660 1293 2714 miffa
1322 2656 1350 2715 ὲ
1380 2657 1582 2715 consule
1608 2658 1671 2714 ad
1715 2672 1797 2715 tu-

346 2740 530 2795 endam
558 2741 877 2815 quaestoriam
903 2754 1102 2815 portam
1140 2746 1192 2798 &
1223 2759 1309 2795 eos
1333 2742 1419 2814 qui
1451 2743 1578 2796 intra
1607 2739 1793 2796 vallum

343 2836 500 2883 erant,
542 2823 732 2895 partim
762 2824 966 2887 occidit,
997 2823 1181 2898 partim
1208 2822 1397 2897 expulit
1425 2823 1609 2884 castris,
1649 2827 1702 2880 ὃς
1731 2823 1797 2876 ir-

343 2904 698 2977 rumpentibus
753 2903 961 2961 obstitit.
1058 2907 1256 2963 Eodem
1303 2902 1406 2959 fere
1449 2917 1683 2978 ternpore
1738 2907 1794 2961 &

342 3000 517 3063 quarta
539 2982 676 3065 legio
706 3006 830 3045 cum
857 2986 1048 3046 duabus
1077 2986 1474 3045 extraordinariis
1503 2983 1795 3043 cohortibus

1545 3077 1554 3089 ⁶
1644 3079 1791 3143 porta
