2063 3607
610 212 672 276 L
711 212 740 274 Ι
780 209 835 272 Β
876 205 926 272 E
968 206 1030 272 R
1093 203 1414 271 XXXIII⁰
1610 222 1729 290 351

288 311 426 385 Bpjis
447 311 831 388 Liguribusque,
857 314 1033 369 eadem
1050 317 1147 377 via,
1177 336 1276 391 qua
1302 320 1589 386 adduxerat,
1602 325 1749 381 redu-

290 395 395 456 xit3
443 400 495 451 δε
524 412 718 470 magno
752 394 965 452 circuitu
992 415 1079 471 per
1111 416 1296 472 aperta,
1339 421 1497 478 eaque
1524 421 1636 460 tuta
1669 406 1746 462 lo-

287 493 364 536 ca,
403 476 462 529 ad
494 473 742 550 collegam
777 479 1021 549 pervenit.
1063 477 1179 533 dein
1214 483 1407 555 junfitis
1446 485 1747 542 exercitibus

285 556 519 631 primum
550 558 800 629 Bojorum
829 576 1012 634 agrum
1044 559 1202 634 usque
1224 563 1285 618 ad
1312 564 1553 622 Felsinam
1594 570 1745 642 oppi-

287 637 415 690 dum
457 636 750 711 populantes
786 656 1188 716 peragraverunt.
1283 650 1356 701 Ea
1385 647 1517 711 urbs,
1560 664 1748 706 cetera-

286 734 385 793 que
413 718 617 781 castella,
664 724 715 774 ὃς
745 721 861 792 Boji
903 722 1005 776 fere
1041 740 1243 784 omnes,
1281 742 1463 799 praeter
1499 730 1745 802 juventu-

286 811 415 861 tem,
457 818 572 873 quae
609 800 859 875 praedandi
892 805 1054 857 cauffa
1082 808 1133 857 in
1172 824 1324 862 armis
1353 825 1473 872 erat,
1512 811 1659 880 (tunc
1691 814 1746 867 in

286 880 453 935 devias
483 880 622 936 filvas
643 881 919 954 recesserat)
948 885 1000 937 in
1037 883 1286 942 ditionem
1335 903 1599 949 venerunt.
1680 895 1744 948 In

288 960 502 1037 Ligures
541 961 724 1023 deinde
750 963 1011 1019 tradudtus
1051 970 1312 1025 exercitus,
1424 973 1540 1045 Boji
1580 972 1744 1049 negli-

285 1040 486 1121 gentius
529 1044 771 1098 coastum
815 1063 1004 1120 agmen
1050 1048 1436 1114 Romanorum,
1495 1056 1612 1127 quia
1646 1055 1739 1130 ipfi

285 1111 462 1194 procul
490 1123 646 1178 abeffe
680 1124 981 1190 viderentur,
1023 1128 1307 1202 improviso
1341 1134 1654 1209 aggreffuros
1690 1136 1744 1192 se

283 1204 395 1265 rati,
434 1223 521 1279 per
549 1203 778 1261 occultos
808 1205 959 1264 saltus
991 1207 1148 1264 secuti
1201 1211 1334 1269 sunt.
1379 1233 1512 1289 quos
1541 1235 1649 1273 non
1685 1237 1740 1274 a·

286 1284 442 1359 (lepti,
503 1286 637 1341 Pado
681 1302 881 1364 repente
919 1288 1129 1347 navibus
1157 1293 1391 1366 trajeEtO,
1439 1301 1620 1353 Laevos
1652 1299 1740 1358 Lio

287 1363 514 1441 buosque
537 1385 699 1442 quum
727 1370 1093 1442 pervastaffient,
1134 1375 1396 1431 redeuntes
1431 1377 1547 1434 inde
1581 1380 1746 1456 Ligu·

285 1465 405 1503 rum
448 1463 682 1503 extremo
713 1450 816 1505 fine
856 1470 981 1506 cum
1025 1455 1203 1529 agresti
1246 1458 1409 1530 praeda
1455 1460 1507 1515 in
1545 1478 1740 1536 agmen

281 1526 514 1584 incidunt
546 1533 872 1589 Romanum.
952 1532 1171 1588 Celerius
1208 1537 1451 1610 proelium
1482 1542 1743 1618 acriusque

283 1610 643 1673 commissum,
696 1610 854 1687 quam
897 1614 936 1668 fi
975 1629 1210 1691 tempore
1250 1617 1468 1695 locoque
1497 1623 1555 1678 ad
1583 1641 1743 1682 certa·

284 1708 409 1746 men
428 1691 697 1755 destinatis,
741 1697 1024 1769 praeparatis
1057 1698 1244 1753 animis
1266 1703 1644 1767 concurrissente
1687 1711 1740 1764 1-

286 1769 336 1825 bi
369 1787 612 1847 quantam
641 1774 750 1829 vim
792 1777 853 1830 ad
894 1776 1223 1833 stimulandos
1258 1783 1461 1837 animos
1490 1785 1558 1840 ira
1588 1785 1740 1844 habeo

283 1865 377 1914 ret,
415 1854 661 1929 apparuit.
697 1874 821 1911 nam
857 1856 925 1912 ita
952 1859 1101 1914 caedis
1128 1863 1295 1936 magis
1323 1861 1479 1937 quarn
1509 1867 1740 1924 vinitoriae

285 1934 415 1989 avidi
444 1936 736 2010 pugnarunt
775 1940 1026 2001 Romani,
1077 1954 1135 1995 ut
1176 1943 1262 1997 vix
1305 1947 1555 2002 nuncium
1588 1947 1739 2005 cladis

287 2013 419 2070 hosti
461 2016 812 2091 relinquerent.
892 2018 977 2075 Ob
1003 2039 1083 2075 eas
1128 2039 1205 2076 res
1249 2027 1428 2099 gestas,
1466 2028 1736 2088 consulum

281 2092 435 2150 literis
458 2099 692 2155 Romam
716 2098 883 2162 allatiS,
920 2098 1217 2175 supplicatio
1241 2106 1293 2160 in
1318 2108 1543 2166 triduum
1570 2111 1740 2169 decre-

284 2190 337 2232 ta
366 2176 455 2231 est.
536 2179 677 2233 Brevi
704 2182 817 2253 post
870 2181 1131 2238 Marcellus
1168 2189 1402 2244 Romam
1436 2193 1591 2254 venit,
1649 2195 1742 2251 tri-

284 2256 608 2332 umphusque
635 2259 679 2313 ei
707 2279 905 2337 magno
947 2262 1188 2320 consensu
1225 2268 1437 2324 Patrum
1469 2274 1540 2327 est
1569 2273 1738 2330 decre-

283 2351 384 2393 tus,
486 2340 852 2414 Triumphavit
898 2342 951 2397 in
992 2346 1292 2421 magistratu
1340 2350 1402 2406 de
1447 2353 1740 2420 Insubribus

286 2419 739 2495 Comenfibusque.
815 2424 1061 2496 Bojorum
1093 2428 1338 2504 triumphi
1364 2431 1507 2508 spem
1533 2434 1740 2514 collegae

284 2499 515 2575 reliquit:
554 2504 671 2576 quia
694 2502 788 2576 ipfi
811 2501 1015 2578 proprie
1040 2508 1236 2564 adversa
1254 2529 1426 2588 pugna
1452 2516 1505 2570 in
1530 2534 1586 2571 ea
1609 2536 1740 2593 gen-

287 2597 338 2635 te
371 2599 619 2646 evenerat,
657 2583 861 2661 collegae
887 2586 1119 2644 secunda.
1200 2592 1364 2648 Multa
1396 2592 1552 2667 spolia
1581 2596 1741 2656 hosti·

286 2678 376 2716 um
410 2665 619 2736 captivis
642 2667 887 2739 carpentis
910 2671 1166 2726 traducta:
1206 2672 1369 2731 multa
1402 2678 1639 2736 militaria
1672 2681 1741 2738 fi-

288 2760 388 2816 gna
414 2742 523 2807 lata,
565 2747 669 2802 aeris
694 2761 916 2804 trecenta
950 2751 1132 2826 viginti
1162 2753 1333 2818 millia,
1372 2762 1565 2834 argenti
1595 2761 1740 2838 biga-

285 2823 327 2882 ri
354 2823 567 2883 ducenta
597 2828 804 2907 triginta
826 2845 1042 2905 quatuor
1068 2831 1240 2893 millia.
1277 2837 1329 2894 in
1356 2841 1544 2916 pedites
1565 2842 1741 2920 fingu-

1658 2924 1743 2987 lios
