2063 3607
709 317 1131 386 LIBER
1214 320 1442 390 XXX.
1690 333 1810 410 165

343 420 414 481 'in
435 424 517 482 via
537 424 872 499 jadkationem
904 427 1120 486 vulneris
1158 430 1283 496 fore,
1329 438 1384 491 &
1416 435 1664 493 curationi
1691 457 1812 496 om-
1849 432 1860 441 ’

354 506 444 562 nia
483 509 861 572 commodiora,
901 509 1152 583 impositis
1185 515 1346 588 copiis
1372 516 1424 570 in
1454 536 1603 573 naves
1640 511 1812 597 profe·
1899 569 1916 574 „

359 587 492 651 ἕως,
530 588 746 643 vixdum
784 587 1004 664 superata
1039 594 1273 657 Sardinia,
1317 614 1379 651 ex
1413 597 1619 656 vulnere
1649 602 1812 671 mori-

358 679 458 724 tur.
493 686 651 723 naves
688 688 896 744 quoque
935 669 1126 746 aliquot
1166 677 1474 741 Poenorum,
1508 680 1734 753 disjectae
1754 683 1809 738 in

355 744 479 810 alto,
514 747 543 804 ὲ
578 749 720 805 classe
760 754 1014 814 Romana,
1054 772 1168 827 quae
1204 757 1338 813 circa
1372 760 1649 817 Sardiniam
1683 750 1807 855 {ran

357 829 643 901 capiuntur.
696 835 822 888 Haec
846 845 972 888 terra
1001 836 1232 910 marique
1257 837 1309 892 in
1336 855 1474 912 parte
1499 841 1668 906 Italiae,
1696 861 1812 918 quae

355 907 490 981 jacet
525 910 588 964 ad
630 910 794 985 Alpes,
831 915 985 988 gesta.
1064 916 1257 972 Consul
1296 921 1362 975 C.
1391 921 1640 985 Servilius,
1713 923 1811 982 ulla

356 989 677 1045 memorabili
696 1010 750 1047 re
776 994 831 1047 in
856 995 1118 1067 provincia
1145 1000 1342 1069 Etruria
1369 1003 1421 1056 &
1446 1002 1604 1059 Gallia
1634 1009 1661 1078 (
1712 1002 1810 1073 uo·

354 1069 495 1125 niam
533 1069 595 1126 eo
629 1089 840 1147 quoque
867 1076 1198 1149 processerat)
1233 1081 1387 1155 gesta,
1432 1097 1573 1157 patre
1600 1087 1666 1141 C.
1688 1092 1808 1141 ‹Ser-

353 1148 475 1204 vilio
505 1154 559 1207 &
589 1152 652 1207 C.
670 1155 874 1209 Lutatio
900 1170 1079 1228 patruo
1100 1177 1162 1214 ex
1186 1158 1423 1218 servitute
1447 1168 1560 1238 post
1577 1151 1807 1309 ίέκώῖζ

352 1230 619 1286 decimum
644 1251 840 1290 annum
872 1240 1101 1311 receptis,
1131 1240 1221 1314 qui
1244 1242 1304 1296 ad
1334 1244 1510 1299 vicum
1539 1253 1740 1304 Tanetu
1776 1317 1781 1321 p

352 1305 383 1365 a
414 1310 553 1383 Bojis
581 1315 716 1387 capti
738 1313 959 1379 fuerant;
1006 1316 1128 1375 hinc
1163 1336 1321 1394 patre,
1362 1322 1482 1381 hinc
1514 1327 1701 1383 Catulo
1738 1329 1807 1386 la-

350 1390 446 1446 teri
473 1392 812 1457 circumdatis,
850 1398 1051 1469 privato
1087 1401 1256 1478 magis
1283 1402 1442 1477 quam
1469 1406 1676 1480 publico
1717 1412 1806 1467 de-

353 1488 473 1526 core
500 1472 708 1548 infignis
736 1479 968 1533 Romam
998 1481 1158 1539 rediit.
1240 1487 1431 1539 Latum
1457 1487 1519 1541 ad
1548 1488 1800 1563 populum

353 1553 443 1615 est,
480 1571 539 1606 ne
562 1561 624 1609 C.
647 1557 850 1612 Ser-visio
874 1556 1054 1631 fraudi
1079 1563 1199 1637 effit,
1236 1563 1368 1640 qubd
1379 1579 1539 1641 patre,
1580 1573 1669 1645 qui
1696 1573 1806 1645 βί-

349 1632 409 1685 la
435 1632 596 1688 curuli
617 1634 821 1709 fidrffit,
872 1642 1013 1701 vivo,
1062 1662 1217 1717 quum
1249 1647 1302 1705 id
1334 1647 1593 1717 ignoraret,
1641 1653 1805 1721 tribu-

349 1729 442 1767 nus
478 1711 626 1787 plebis
658 1729 812 1793 atque
848 1719 987 1774 adilis
1018 1723 1162 1795 plebis
1193 1723 1379 1799 suffit,
1432 1744 1599 1785 contra
1636 1731 1802 1807 quem

334 1793 567 1869 [umqum
611 1795 791 1868 legibus
833 1813 961 1856 erat.
1038 1807 1148 1859 Hac
1192 1808 1457 1881 rogatione
1492 1811 1693 1885 perlata,
1716 1880 1719 1886 ς
1745 1815 1802 1871 in

346 1874 666 1944 provinciam
707 1879 870 1934 rediit.
968 1882 1043 1937 Ad
1102 1885 1167 1941 C.
1216 1886 1479 1944 Servilium
1522 1892 1805 1959 consulem,

347 1952 436 2026 qui
468 1953 520 2007 in
556 1956 758 2011 Bruttiis
787 1961 1241 2030 erathconsentia,
1279 1967 1556 2045 Uffugum,
1600 1979 1804 2051 Vergae,

345 2031 564 2101 Besidiae,
584 2037 920 2103 Heu-iculum,
938 2041 1217 2115 Sypheum,
1238 2050 1605 2123 Argentanum,
1624 2054 1801 2111 Clam-

344 2113 495 2187 petia,
534 2115 786 2191 multique
814 2120 891 2175 alii
918 2122 1164 2197 ignobiles
1192 2129 1382 2201 populi,
1424 2131 1668 2189 senescere
1700 2138 1803 2193 Pu·—

342 2192 524 2249 nicum
568 2194 1063 2266 bellumcernentes,
1111 2206 1352 2266 defecere.
1429 2213 1582 2268 Idem
1624 2217 1801 2275 consul

346 2291 471 2329 cum
508 2277 751 2335 Annibale
785 2281 838 2335 in
879 2302 1006 2358 agro
1042 2287 1362 2344 Crotoniensi
1404 2292 1508 2348 acie
1545 2297 1801 2359 conflixit.

342 2353 570 2411 Obscura
612 2357 721 2429 ejus
758 2379 944 2437 pugnae
997 2361 1138 2421 fama
1180 2371 1270 2426 est.
1350 2372 1576 2430 Valerius
1622 2379 1799 2435 Antias

341 2435 566 2509 quinque
599 2437 750 2494 millia
780 2439 1002 2499 hostium
1032 2445 1155 2508 caesa
1179 2449 1268 2505 ait.
1304 2468 1418 2525 quae
1443 2466 1580 2510 tanta
1605 2475 1679 2513 res
1706 2462 1798 2524 est,

341 2531 400 2574 ut
438 2531 525 2573 aut
567 2518 884 2593 impudenter
921 2525 1038 2591 fista
1071 2526 1156 2589 fit,
1199 2544 1285 2586 aut
1316 2531 1631 2609 negligenter
1664 2557 1798 2612 prae·

340 2596 579 2654 termifla.
667 2600 812 2657 Nihil
842 2602 976 2661 certe
1015 2605 1142 2663 ultra
1173 2611 1244 2665 rei
1280 2613 1334 2666 in
1373 2616 1511 2672 Italia
1538 2616 1604 2672 ab
1636 2623 1796 2677 Anni·-

340 2674 446 2733 bale
487 2679 706 2753 gestum.
742 2701 866 2738 nam
901 2686 961 2740 ad
1004 2705 1123 2743 eum
1157 2709 1366 2765 quoque
1400 2693 1551 2772 legati
1577 2697 1639 2753 ab
1668 2702 1796 2758 Car·

340 2756 565 2835 magiae,
586 2775 826 2819 vocantes
853 2764 907 2819 in
936 2766 1183 2832 Africam,
1210 2772 1270 2827 iis
1301 2771 1434 2832 forte
1460 2777 1651 2844 diebuS,
1677 2785 1796 2859 qui-

336 2837 431 2896 bus
456 2839 514 2894 ad
543 2843 848 2918 Magonem,
886 2863 1150 2906 venerunt.
1787 2856 1798 2863 ⁴

420 2921 546 2980 XX.
588 2926 835 2989 Frendens
860 2929 1188 3006 gemensque,
1220 2953 1280 2990 ac
1302 2937 1389 2992 vix
1415 2935 1633 2999 lacrimis
1656 2945 1796 3003 tem?

328 3018 536 3084 perans,
557 3001 739 3088 dicitur
762 3005 1044 3092 legatorum
1072 3009 1221 3099 yerba
1244 3019 1446 3080 audisse.
1460 3025 1792 3103 posteaquam

1362 3100 1376 3105 ’
1662 3108 1794 3167 edita
