2063 3607
501 255 562 319 L
607 257 632 319 1
675 256 724 320 B
764 255 817 320 E
860 256 922 321 R
1004 255 1328 323 xxxm.
1573 272 1693 341 355

244 376 352 432 ges,
409 357 723 415 Antiochum
768 358 1226 435 Ptolemaeumque,
1285 362 1523 418 mandata
1573 379 1696 427 erat,

244 440 465 513 spatium
502 439 696 496 modici
723 441 967 514 temporis
991 442 1052 496 ad
1083 443 1493 500 conveniendum
1524 445 1694 500 Ptole·

245 538 441 575 maeum
475 518 702 592 petebam
748 534 825 583 ut,
864 521 1156 595 priusquam
1195 539 1485 580 moveretur
1509 525 1694 600 aliquid

238 601 299 654 in
325 617 461 654 nova
484 599 781 672 pofleffione
809 603 968 677 regni,
1000 604 1282 677 perveniret
1306 607 1361 660 in
1386 607 1699 682 AEgyptum.

247 684 300 737 ὅ(
349 678 630 736 Antiochus
666 681 807 737 suam
842 682 952 737 fore
979 685 1288 760 AEgyptum‚
1329 687 1365 740 fi
1399 700 1514 742 tum
1547 706 1697 743 occa-

243 762 320 815 fio
352 761 487 823 estet,
533 760 776 819 censebat.
856 766 1034 837 Itaque
1065 765 1278 820 dimiffis
1307 769 1579 830 Romania,
1619 786 1696 822 re-

244 841 468 915 litstoque
500 840 706 899 Seleuco
732 842 836 898 filio
860 861 982 898 cum
1010 845 1316 902 terrestribus
1344 850 1504 922 copiis
1530 848 1590 903 ad
1619 868 1697 903 re-

245 922 569 984 stituendam,
636 937 693 979 ut
747 924 1036 987 instituerat,
1085 927 1503 1000 Lysimachiam3
1573 928 1696 1003 ipst,

239 1003 395 1056 omni
431 1002 572 1057 claffe
610 1005 853 1079 navigans
875 1004 1154 1079 Ephesum,
1192 1007 1364 1083 legatis
1395 1009 1452 1063 ad
1488 1011 1697 1078 Quinti·

248 1102 341 1138 um
376 1083 554 1146 miffis,
590 1086 679 1156 qui
721 1085 780 1138 ad
825 1086 979 1141 fidem
1011 1087 1075 1141 de
1106 1087 1339 1146 societate
1374 1106 1593 1165 agerent,
1633 1110 1694 1145 o-

246 1182 363 1218 ram
395 1164 518 1219 Afiae
541 1163 724 1239 legens,
763 1168 994 1237 pervenit
1020 1169 1071 1222 in
1103 1170 1335 1241 Lyciam.
1417 1170 1698 1246 Patarisque

247 1245 462 1319 cognito
495 1246 661 1301 vivere
701 1245 1056 1309 Ptolemaeum,
1097 1251 1364 1326 navigandi
1400 1252 1606 1324 quidem
1642 1254 1697 1307 in

246 1328 537 1399 AEgyptum
573 1327 819 1381 omiffum
860 1329 1129 1383 confilium
1164 1333 1255 1385 est.
1289 1334 1524 1405 Cyptum
1558 1332 1691 1389 nihi-

244 1403 297 1459 lo
326 1404 494 1460 minus
533 1409 758 1469 tetidem,
791 1428 955 1482 quum
988 1409 1351 1467 Chelidonium
1384 1430 1695 1483 promonto-

243 1487 379 1540 rium
418 1486 694 1560 superfiffet,
747 1489 1002 1563 paullisper
1045 1488 1286 1545 seditione
1318 1495 1578 1570 remigum
1623 1497 1696 1550 est

243 1580 464 1623 retentus
505 1568 555 1620 in
594 1570 890 1643 Pamphylia
931 1573 1063 1625 circa
1102 1574 1540 1646 Eurymedontem
1575 1594 1690 1630 am·—

245 1666 390 1704 nem.
472 1647 595 1700 Inde
636 1650 933 1724 profeefflm
973 1669 1096 1705 eum
1140 1654 1199 1706 ad
1236 1655 1400 1728 capita
1428 1656 1574 1728 (quae
1599 1675 1695 1710 vo-

246 1730 395 1798 cant)
426 1728 530 1783 Sari
562 1728 812 1793 fluminis,
851 1731 989 1786 foeda
1031 1735 1300 1806 tempestas
1330 1735 1509 1790 oborta
1533 1734 1696 1810 prope
1764 1740 1779 1762 ‘⁷

247 1828 372 1863 cum
411 1809 560 1861 omni
599 1809 740 1865 classe
773 1812 1024 1871 demersit.
1067 1813 1245 1870 multae
1287 1834 1438 1871 naves
1477 1816 1694 1889 ejefiiae:

245 1888 422 1945 multae
444 1890 514 1943 ita
555 1887 739 1947 haustae
769 1894 913 1955 mari,
953 1908 1009 1949 ut
1041 1913 1199 1948 nemo
1225 1896 1276 1949 in
1303 1910 1489 1952 terram
1516 1916 1696 1952 enave-

246 1970 329 2027 rit.
412 1974 604 2043 Magna
642 1973 717 2025 vis
749 1972 1024 2030 hominum
1055 1975 1123 2029 ibi
1151 1976 1351 2040 interiit,
1396 1996 1503 2033 non
1538 1980 1695 2033 remi-

245 2068 378 2125 gum
428 2046 627 2105 tantum
675 2053 1002 2129 militumque
1043 2056 1361 2130 ignotorum,
1413 2059 1492 2115 sed
1535 2061 1692 2114 etiam

245 2132 524 2207 insignium
567 2135 878 2189 amicorum.
963 2136 1203 2191 Colleofis
1242 2141 1456 2214 reliquiis
1497 2141 1694 2196 naufra-

244 2214 335 2286 gii,
374 2230 535 2288 quum
577 2230 652 2266 res
687 2232 792 2267 non
832 2216 882 2267 in
927 2235 990 2270 eo
1027 2217 1165 2279 effer,
1204 2233 1259 2273 ut
1304 2224 1538 2296 Cyprum
1577 2237 1694 2276 ten-

245 2306 405 2355 taret5
464 2289 632 2348 miuus
669 2295 913 2369 opulento
953 2299 1180 2372 agmine,
1227 2302 1385 2373 quam
1433 2303 1694 2375 profeciffls

245 2388 367 2436 erat,
417 2372 696 2429 Seleuciam
737 2377 879 2431 redit.
934 2377 1003 2432 ibi
1050 2377 1256 2434 subduci
1297 2383 1508 2439 navibus
1548 2384 1698 2454 juffis

243 2456 389 2526 (jam
422 2456 561 2508 enim
597 2453 765 2512 hiems
802 2458 1049 2532 instabat>
1074 2459 1176 2533 ipse
1204 2462 1256 2515 in
1286 2463 1487 2521 hiberna
1515 2465 1694 2520 Antio-

244 2535 412 2591 chiam
446 2537 698 2610 proceffit.

323 2620 496 2673 XLII.
536 2619 599 2670 In
636 2617 737 2675 hoc
775 2622 902 2676 statu
936 2640 1118 2699 regum
1153 2635 1290 2681 erant
1327 2645 1420 2681 res,
1499 2631 1692 2685 Romae

242 2716 308 2753 eo
340 2695 570 2772 primum
600 2716 736 2755 anno
767 2704 1020 2759 triumviri
1058 2703 1298 2777 epulones
1333 2707 1476 2773 stiffi,
1516 2711 1582 2765 C.
1604 2711 1694 2767 Li·-

240 2781 402 2836 cinius
445 2778 698 2843 Lucullus,
734 2786 793 2839 P.
823 2783 1062 2846 Manlius,
1100 2787 1190 2857 qui
1227 2787 1395 2865 legem
1430 2790 1493 2845 de
1522 2809 1694 2846 crean-

239 2861 316 2916 dis
344 2860 426 2914 his
461 2858 664 2924 tulerat,
706 2866 760 2922 &
802 2867 860 2921 Ρ.
897 2867 1100 2923 Porcius
1131 2872 1295 2933 Laega,
1336 2870 1414 2928 his
1453 2872 1691 2929 triumvi-

235 2943 303 3000 tis
345 2942 488 3005 item,
529 2956 587 2999 ut
624 2943 970 3019 pontificibuS,
1025 2946 1137 3025 lege
1178 2951 1361 3035 datum
1403 2967 1539 3032 togae
1565 2970 1690 3026 praea

996 3037 1009 3059 <
1064 3040 1072 3048 '
1188 3045 1197 3064 ¹
1530 3045 1682 3090 textae
