2063 3607
377 273 525 346 2⁴44
855 261 1406 327 T.L1V11

395 391 495 433 ere,
533 367 658 428 sed
644 390 697 426 m
723 367 922 445 paludes
939 370 1150 444 quidam
1183 369 1408 442 eonjeffi
1441 345 1698 443 profundo
1721 369 1854 425 limo

396 472 521 509 curn
561 435 676 526 ipfis
713 452 854 527 equis
875 451 1036 505 hausti
1063 449 1214 505 sunt.
1276 454 1391 504 Rex
1417 469 1620 524 quoque
1647 453 1699 506 in
1724 453 1855 527 peri-

364 568 370 571 -
395 533 513 601 culo
542 533 655 590 fuit.
692 539 814 587 nam
847 545 1022 587 ruente
1054 530 1221 586 saucio
1247 545 1382 604 equo
1413 549 1631 604 praeceps
1659 534 1719 588 ad
1755 550 1852 588 ter-

394 633 510 669 ram
539 615 702 675 datus,
737 613 867 667 haud
898 610 1124 666 multum
1151 604 1312 665 abfuit
1338 612 1463 685 quin
1486 611 1850 687 jacensbppri-

395 699 635 762 meretur.
716 692 873 748 Saluti
914 691 1010 747 fuit
1044 710 1217 765 eques,
1253 693 1343 765 qui
1380 693 1563 765 raptim
1594 692 1698 767 ipse
1725 694 1852 750 defi*-

383 774 502 837 luit,
542 776 887 848 pavidumque
915 790 1092 849 regem
1119 773 1170 826 in
1194 789 1385 846 equum
1415 771 1643 844 subjecit.
1722 774 1851 847 Ipse,

394 875 564 930 quum
590 856 739 947 pedes
769 872 962 928 aequare
990 851 1138 908 c'ursu
1174 852 1425 927 fugientes
1463 871 1569 907 non
1607 855 1769 927 posset
1794 875 1848 908 e-

394 938 577 1010 quites',
602 937 696 991 ab
708 933 959 995 hostibuS,
975 934 1036 987 ad
1064 933 1237 987 casum
1262 934 1390 1008 regis
1414 935 1695 996 concitatis,
1723 954 1851 989 con-

393 1016 555 1072 fossus
583 1017 768 1099 periit
848 1019 972 1087 Rex
1009 1015 1386 1068 circumvedius
1424 1014 1621 1087 paludes
1658 1015 1849 1087 ‘pervias

385 1085 649 1171 inviasque
688 1095 880 1169 trepida
920 1095 1044 1171 fuga
1083 1094 1148 1147 in
1173 1095 1327 1148 castra
1356 1092 1579 1156 tandem,
1621 1096 1728 1166 jam
1762 1097 1848 1150 de-

386 1169 702 1269 sperantibu's
729 1175 969 1250 plerisque
998 1173 1315 1228 incolumem
1346 1174 1628 1237 evasurum,
1666 1195 1845 1248 perve-
1902 1227 1915 1234 x

392 1261 487 1318 nit.
568 1257 792 1315 Duce‘nt'i
827 1255 1172 1315 Macedonum
1210 1255 1401 1328 equites
1435 1274 1499 1309 eo
1536 1255 1722 1327 proelio
1757 1276 1845 1330 pe-

390 1342 551 1401 riere,
591 1351 800 1395 centum
843 1335 1006 1390 ferme
1042 1335 1192 1409 eapti,
1248 1334 1518 1409 o&oginta
1558 1335 1844 1393 admodum

391 1421 557 1476 ornati
586 1421 720 1512 equi,
777 1415 942 1493 spoliis
975 1416 1128 1517 simul
1158 1431 1421 1471 armorum
1453 1416 1633 1479 relatiS,
1690 1417 1844 1475 abdu-

392 1502 487 1558 eri.

470 1583 781 1655 XXXVIIL
822 1582 1062 1639 Fuerunt,
1105 1577 1195 1653 qui
1227 1516 1330 1633 hoe
1364 1577 1467 1651 die
1476 1595 1650 1654 regem
1682 1591 1847 1635 teme-

389 1663 571 1727 ritati5‚
607 1661 866 1719 consulem
898 1660 1123 1735 segnitiae
1147 1657 1451 1715 accusarent.
1487 1677 1608 1714 narn
1643 1664 1697 1716 ὅτε
1726 1658 1846 1714 Phi-

382 1743 531 1821 lippo
562 1742 920 1819 quiescendum
952 1741 1111 1802 fuisss,
1155 1757 1315 1814 quum
1347 1739 1517 1813 paucis
1547 1737 1719 1795 diebus
1750 1739 1846 1795 ho-

385 1823 504 1891 fiee,
546 1824 787 1894 exhausto
829 1825 960 1879 circa
994 1822 1157 1876 omni
1182 1840 1325 1896 agro,
1365 1821 1437 1876 ad
1454 1818 1702 1877 ultimum
1734 1821 1846 1877 ino-

387 1908 505 1982 piae
512 1923 750 1962 venturos
773 1890 946 1960 sciret:
982 1906 1043 1963 ὃς
1067 1901 1343 1963 consulem,
1373 1921 1532 1976 quum
1559 1903 1845 2001 equitatum

390 1989 618 2059 hostium
656 1986 924 2060 levemque
961 1997 1271 2038 armaturam
1315 1980 1529 2043 fudisset,
1559 2002 1642 2038 ac
1684 2002 1846 2059 prope

347 2062 566 2146 exregem
608 2066 778 2140 ipsum
812 2063 1030 2140 cepisset,
1070 2063 1299 2137 protinus
1326 2062 1385 2117 ad
1427 2066 1579 2119 castra
1614 2063 1842 2119 hostium

369 2152 573 2206 ¹ducere
600 2144 844 2203 debuifle
885 2162 980 2200 nec
1009 2146 1183 2205 enim
1195 2143 1461 2200 mansuros
1492 2146 1564 2199 ita
1598 2134 1847 2218 perculsos

388 2231 557 2287 hostes
585 2227 750 2290 fuifl'e,
798 2225 1128 2299 debellarique
1157 2239 1433 2280 momento
1471 2227 1718 2300 temporis
1750 2244 1846 2298 po-

390 2312 550 2370 tuifle
634 2309 692 2364 Id
730 2302 891 2369 dista,
943 2323 1100 2380 quam
1137 2323 1214 2368 re,
1255 2323 1312 2361 ut
1352 2305 1599 2399 pleraque,
1637 2304 1847 2363 facilius

392 2408 515 2450 narn
556 2392 592 2446 fi
635 2389 877 2444 omnibus
905 2388 1137 2461 peditum
1167 2401 1374 2462 quoque
1402 2386 1560 2460 copiis
1596 2405 1681 2442 rex
1717 2406 1843 2445 con·

389 2473 581 2553 grefl‘us
604 2471 793 2531 fuisset,
816 2461 1023 2523 ffirfitan
1050 2470 1178 2522 inter
1202 2466 1507 2534 tumultum,
1533 2486 1698 2541 quum
1726 2488 1846 2524 om

389 2576 478 2613 nes
509 2553 633 2609 viai
661 2566 905 2624 metuque
939 2546 1150 2621 perculfi
1176 2568 1239 2603 ex
1268 2546 1489 2622 proelio
1476 2565 1603 2604 intra
1632 2547 1841 2613 vallum,

390 2636 626 2715 protinus
650 2634 768 2687 inde
793 2629 1205 2705 supervadentem
1237 2631 1563 2685 munimenta
1586 2630 1840 2686 vistorem

385 2719 590 2775 hostem
628 2712 934 2791 fugerent,
921 2712 1038 2766 exui
1066 2710 1235 2766 eastris
1274 2710 1494 2784 potuerit
1533 2729 1634 2768 rex.
1674 2725 1840 2785 quum

388 2796 512 2856 ver&
542 2796 748 2870 integrae
786 2794 949 2866 copiae
975 2791 1206 2866 peditum
1238 2792 1291 2844 in
1332 2792 1499 2846 castris
1537 2793 1843 2853 manfissent,

386 2888 624 2939 stationes
655 2888 770 2932 ante
806 2886 996 2950 portas,
1048 2871 1367 2947 praefidiaqu'e
1402 2871 1635 2946 disposita
1670 2874 1842 2934 essent,

386 2962 527 3040 quid,
563 2958 656 3014 nifi
694 2971 752 3014 ut
794 2955 1138 3013 temeritatem
1173 2954 1306 3030 regis
1338 2950 1503 3010 effuse
1532 2953 1698 3028 paullo
1725 2969 1840 3104 aiz-te
1899 2969 1908 2972 “

1786 3054 1838 3090 e-
