2063 3607
276 430 566 503 quicquam,
604 442 688 480 nec
712 424 992 503 conjungere
1022 422 1120 496 fise
1144 418 1382 478 Annibali
1403 442 1419 475 .·
1476 419 1545 488 ό»
1572 424 1733 480 Anni-

272 508 433 563 balem
457 506 610 581 ipsum
631 508 751 583 jam
778 505 846 573 ά·
871 502 1026 577 fama
1055 504 1311 577 senescere,
1347 500 1422 567 ῖς»
1444 502 1654 558 viribus.
1719 540 1732 546 -

357 591 452 645 IV.
491 591 550 642 In
576 586 683 641 haec
710 586 938 641 deflenda
964 582 1214 659 prolapsos
1243 582 1305 637 ab
1329 584 1515 638 recenti
1542 584 1736 639 nuncio

275 667 478 723 animos
512 667 675 723 rursus
714 680 872 721 terror
917 666 1103 720 instans
1138 662 1397 718 revocavit
1443 663 1504 716 ad
1536 664 1734 720 consul·

275 749 511 811 tandum,
546 764 774 822 quonam
804 746 968 801 modo
1007 745 1216 801 obviam
1249 741 1565 817 praesentibus
1600 747 1733 818 peri-

277 830 400 887 culis
431 829 600 885 iretur.
680 826 920 884 Deledtus
939 828 1126 901 raptim
1158 826 1211 878 in
1245 822 1367 878 urbe
1391 823 1618 899 agrisque
1645 825 1736 881 ha-

278 910 380 966 beri
409 909 608 985 placet3
671 911 875 965 mittere
908 908 968 962 ad
1006 904 1336 962 conducenda
1368 906 1610 959 Afrorum
1645 925 1735 962 au-

274 990 433 1056 xilia,
493 990 695 1046 munire
736 988 915 1044 urbem
945 1009 960 1049 ς
1035 987 1357 1043 frumentum
1406 985 1687 1041 convehere
1718 1009 1735 1049 ς

280 1071 392 1135 tela,
429 1089 570 1127 arma
596 1088 774 1144 parare
795 1071 817 1133 ξ
852 1070 1091 1125 instruere
1120 1065 1287 1128 naveS,
1364 1084 1421 1122 ac
1449 1067 1649 1122 mittere
1671 1068 1742 1135 ad:

278 1154 575 1227 Hipponem
607 1150 835 1206 adversus
855 1154 1153 1206 Romanam
1182 1147 1413 1207 class‘ern„
1478 1149 1596 1223 Jam
1626 1147 1737 1204 haec

283 1233 544 1311 agentibus
591 1231 806 1286 nuncius
849 1231 1059 1286 tandem
1104 1229 1259 1290 venit,
1325 1227 1558 1289 Laelium,
1628 1246 1735 1283 non

278 1315 592 1390 Scipionem,
640 1310 918 1386 copiasque,
974 1323 1172 1386 quantae
1223 1309 1282 1364 ad
1319 1309 1632 1366 ,incursiones
1688 1327 1739 1364 a·

281 1414 498 1472 grorum
542 1391 653 1449 satis
694 1394 809 1452 sint,
848 1392 1171 1452 transvefflms,
1223 1388 1443 1444 summae
1481 1387 1589 1443 belli
1619 1407 1738 1443 mo-

284 1479 386 1533 lem
422 1474 588 1531 adhuc
618 1475 678 1545 in*
715 1471 876 1528 Sicilia
912 1472 1026 1529 esse.
1109 1474 1185 1526 Ita
1229 1469 1555 1542 respiratum,
1609 1472 1737 1527 mit·

281 1562 425 1633 tique
460 1557 520 1610 ad
564 1553 850 1629 Syphacem
906 1553 1197 1628 legatione5‚
1264 1548 1481 1624 aliosque
1523 1552 1742 1625 regulos,

284 1637 546 1695 firmandae
574 1629 818 1690 societatis
844 1634 1021 1693 caussa,
1065 1645 1265 1705 coeptae.
1348 1631 1421 1685 Ad
1449 1628 1741 1705 Philippum

282 1736 489 1794 quoque
527 1716 680 1777 miffi,
719 1715 809 1788 qui
845 1714 1064 1769 ducenta
1089 1713 1283 1788 argenti
1320 1709 1500 1767 talenta
1539 1712 1745 1785 pollice-

281 1817 472 1860 rentur,
508 1813 567 1853 ut
591 1798 643 1852 in
674 1794 890 1851 Siciliam
917 1807 1009 1852 ,aut
1037 1793 1234 1850 Italiam
1280 1793 1539 1865 trajiceret.
1625 1790 1749 1849 Mis-

283 1882 324 1937 fi
355 1886 406 1938 &
437 1879 497 1934 ad
525 1878 653 1933 duos
682 1877 1010 1951 imperatores
1035 1877 1088 1929 in
1116 1872 1327 1934 Italiam,
1373 1887 1429 1930 ut
1461 1874 1611 1928 omni
1638 1887 1741 1929 ter·

283 1978 397 2017 rore
425 1960 718 2033 Scipionem
746 1957 1035 2012 retinerent.
1060 1956 1119 2009 ad
1149 1959 1431 2029 Magonem
1461 1972 1567 2007 non
1594 1952 1745 2029 legati

286 2038 465 2101 modo,
510 2038 588 2094 sed
620 2039 799 2113 viginti
825 2039 1050 2110 quinque
1081 2052 1233 2090 naves
1269 2035 1450 2108 longae,
1477 2032 1560 2098 sex
1588 2033 1744 2089 millia

280 2124 533 2198 peditum,
575 2118 862 2194 octingenti
890 2117 1099 2192 equites,
1144 2114 1335 2187 septem
1372 2112 1640 2186 elephanti,
1680 2116 1747 2169 ad

282 2205 387 2262 hoc
417 2218 604 2278 magna
637 2200 849 2274 pecunia
879 2197 941 2252 ad
968 2196 1293 2252 conducenda
1332 2194 1528 2264 auxilia,
1561 2194 1745 2270 quibus

236 2310 247 2315 ‘
285 2284 441 2342 fretus
464 2282 674 2359 propius
701 2280 880 2335 urbem
914 2282 1211 2334 Romanam
1253 2278 1529 2343 exercitum
1564 2276 1746 2333 admo-e

285 2382 442 2427 verer,
485 2363 922 2437 conjungeretque
960 2358 1009 2414 se
1036 2357 1285 2413 Annibali.
1363 2360 1509 2411 Haec·
1534 2356 1775 2413 Cartha-⁴

284 2448 408 2523 gine
447 2443 688 2520 parabant
739 2439 1137 2517 agitabantque3
1206 2437 1268 2493 ad
1319 2435 1551 2497 Laelium,
1621 2441 1765 2510 prae-'

285 2527 373 2583 das
414 2527 646 2601 ingentes
702 2539 765 2576 ex
812 2539 937 2596 agro
979 2519 1165 2582 inermi
1216 2536 1275 2573 ac
1327 2516 1491 2572 nudo·
1515 2516 1749 2587 praesidiis

289 2619 550 2685 agentem,
610 2602 901 2665 Mafiniffis
932 2600 1071 2656 fama
1111 2602 1367 2654 Romanae
1417 2596 1572 2651 claffis
1610 2598 1747 2653 exci-

287 2692 390 2752 tus,
432 2704 556 2743 cum
593 2683 841 2759 equitibus
878 2682 1053 2756 paucis
1096 2681 1252 2736 venit.
1331 2688 1375 2733 Is
1397 2679 1616 2752 segniter
1641 2696 1748 2734 rem

293 2772 376 2843 agi
398 2768 482 2841 =prb
522 2767 726 2841 Scipione
763 2765 966 2840 questus,
1012 2760 1144 2839 qubd
1173 2776 1295 2817 tum·
1328 2778 1417 2814 non
1441 2762 1562 2837 jam
1604 2778 1750 2827 exer-¹

291 2853 449 2921 qitum
494 2851 546 2902 in
585 2845 816 2920 Africam
864 2842 1144 2921 trajeciffi’t,
1220 2840 1442 2917 percusss
1483 2838 1747 2911 Carthagi-

291 2928 542 3009 mnfibus,
590 2924 799 3006 &phase
812 2926 816 2934 “
830 2926 1054 3004 impedito
1080 2922 1309 3000 finitimis
1355 2921 1487 2980 bellis
1500 2960 1526 2989 ,,
1557 2989 1564 2995 ,
1594 2927 1764 2996 quem‘

1601 3004 1754 3081 incer:
