2063 3607
357 271 509 348 ἰο
894 281 1427 351 T-.L1v11.

417 398 658 465 rogatum
699 388 752 444 in
792 405 988 445 annum
1025 391 1300 466 imperium
1336 404 1454 454 erat,
1499 389 1761 468 acciperetj
1811 391 1868 451 δέ

415 472 488 536 Q.
519 468 765 531 Mamilio,
808 482 881 531 ut,
926 469 1127 547 collegae
1163 471 1510 545 jurisdifflone
1537 477 1727 539 tradita,
1749 474 1872 532 Gal-

418 547 540 602 liam
565 567 688 605 cum
716 551 952 612 exercitu,
991 553 1075 607 cui
1105 556 1165 608 L.
1190 554 1398 608 Porcius
1428 571 1707 628 propraetor
1745 573 1871 628 prae·

415 626 593 692 fuerat,
630 629 894 693 obtineret,
931 631 1191 686 decretum
1217 633 1326 686 est:
1367 634 1623 708 jussusque
1644 633 1869 708 populari

419 725 567 783 agros
597 710 882 771 Gallorum,
920 713 1007 786 qui
1031 712 1090 766 ad
1118 713 1307 766 Poerios
1341 712 1432 768 sub
1469 716 1758 770 adventum
1776 713 1870 770 As

407 788 629 845 ‘drubalis
655 789 957 849 defeciflent.
1038 794 1101 847 C
1140 791 1344 847 Servilio
1370 812 1493 848 cum
1525 795 1870 850 Cannensibus

419 869 609 924 duabus
636 869 934 946 legionibus,
971 873 1097 927 ficut
1124 873 1186 925 C.
1214 873 1471 928 Mamilius
1507 886 1751 936 tenuerat,
1791 877 1869 932 Si-

418 947 529 1003 cilia
567 953 750 1007 tuenda
794 952 922 1007 data.
1018 957 1097 1009 Ex
1146 952 1365 1007 Sardinia
1414 967 1558 1010 vetus
1606 957 1873 1026 exercitus,

419 1031 503 1084 cui
534 1032 592 1087 A.
621 1030 858 1086 Hostilius
899 1034 1177 1106 praefuerat,
1215 1033 1522 1105 deportatus,
1575 1053 1768 1090 novam
1799 1035 1868 1091 le·

418 1110 651 1184 gionem,
686 1130 844 1186 quam
873 1113 959 1169 Ti.
979 1112 1217 1167 Claudius
1240 1113 1493 1183 trajiceret
1513 1112 1702 1175 lecum,
1740 1133 1867 1172 con-

416 1188 541 1244 sules
564 1189 974 1264 conscripserunt.
1052 1197 1127 1268 Q
1150 1190 1361 1248 Claudio
1391 1208 1448 1250 ut
1468 1197 1769 1259 Tarentum,
1800 1197 1869 1255 C.

416 1269 635 1327 Hostilio
674 1272 878 1328 Tubulo
920 1286 978 1328 ut-
1018 1274 1253 1347 Capuam
1291 1275 1611 1346 provinciam
1654 1276 1873 1339 haberet,

413 1365 751 1426 prorogatum
778 1354 831 1406 in
855 1371 1049 1407 annum
1076 1354 1349 1427 imperium
1381 1356 1472 1411 est.
1551 1359 1629 1412 M.
1646 1355 1871 1413 Valerius

413 1431 702 1504 proconsul,
778 1433 868 1507 qui
903 1434 1102 1489 tuendae
1160 1436 1291 1490 circa
1335 1433 1552 1489 Siciliam
1596 1436 1868 1492 maritimae

415 1526 519 1566 orae
554 1511 831 1584 praefuerat,
866 1514 1071 1588 triginta
1106 1513 1317 1568 navibus
1361 1516 1429 1569 C.
1428 1513 1662 1569 Servilio
1689 1515 1868 1590 praebi-

417 1592 499 1653 tis,
557 1609 683 1646 cum
721 1609 880 1648 cetera
919 1593 1069 1649 omni
1105 1594 1248 1650 claffe
1279 1593 1436 1648 redire
1466 1594 1528 1649 ad
1558 1594 1738 1651 urbem
1761 1593 1871 1670 jus

425 1668 526 1727 ius,

500 1752 597 1807 XI
655 1753 718 1805 In
763 1751 963 1809 civitate
992 1763 1138 1808 tanto
1174 1752 1461 1810 discrimine
1498 1752 1606 1809 belli
1646 1752 1874 1817 sollicita}

421 1848 589 1904 quum
628 1832 869 1887 omnium
900 1832 1237 1889 secundorum
1275 1833 1696 1910 adversorumque
1730 1833 1869 1891 caus-

412 1910 488 1965 sas
519 1912 572 1966 in
601 1915 738 1966 Deos
764 1927 1026 1977 verterent,
1053 1914 1212 1971 multa
1235 1916 1461 1988 prodigia
1488 1915 1873 1972 nunciabantur)

416 1992 703 2046 Tarracinae
733 1994 877 2067 Jovis
922 1995 1104 2056 aed'em,
1142 1995 1523 2071 Satrici‘Mat-ris
1562 1999 1772 2052 Matutae
1803 1996 1877 2050 de·-

418 2068 558 2127 coelo
582 2072 796 2129 tastam.
873 2075 1153 2130 Satricanos
1184 2073 1312 2129 haud
1340 2070 1510 2129 minus
1533 2074 1783 2131 terrebant
1812 2076 1876 2130 in·

418 2150 580 2207 aedem
616 2152 763 2225 Jovis
786 2151 985 2208 *foribus
1010 2154 1125 2226 ipfis
1145 2154 1251 2208 duo
1279 2151 1489 2227 prolapfi
1524 2171 1729 2229 angues.
1790 2153 1869 2208 Ab

417 2232 575 2286 Antio
601 2232 901 2287 nunciatum
941 2233 1030 2292 est,
1090 2244 1320 2287 cruentas
1353 2231 1521 2306 ‘spicas
1563 2231 1874 2289 metentibus

417 2309 545 2364 visas
584 2311 697 2365 effe.
788 2314 931 2365 Caere
972 2330 1155 2383 porcus
1201 2312 1387 2382 biceps,
1441 2315 1498 2366 ὃς
1544 2331 1706 2386 agnus
1757 2329 1871 2368 mas

418 2390 659 2461 idemque
701 2387 908 2443 femina-
940 2402 1089 2444 natus
1128 2402 1245 2445 erat.
1326 2393 1392 2444 Et
1429 2389 1570 2445 Albae
1606 2392 1709 2446 duo
1745 2392 1869 2447 soles

414 2469 547 2525 visos
574 2468 866 2531 referebant,
898 2473 951 2525 &
977 2470 1134 2523 notite
1163 2468 1389 2543 Fregellis
1418 2467 1585 2524 lucem
1615 2472 1869 2529 obortam.

417 2555 490 2608 Et
522 2549 615 2603 bos
653 2550 705 2604 in
737 2567 860 2624 agro
890 2553 1141 2604 Romano
1171 2547 1386 2610 locutus,
1431 2553 1485 2606 &
1528 2568 1607 2605 ara
1638 2552 1871 2627 Neptuni

418 2630 589 2687 multo
618 2626 794 2683 sudore
812 2631 1073 2684 manasse
1059 2648 1112 2683 tn
1142 2631 1279 2685 circo
1305 2629 1553 2685 Flaminio
1585 2632 1866 2688 dicebatur:

419 2717 474 2768 δε
515 2710 641 2765 aedes
681 2711 888 2772 Cereris,
939 2696 1133 2772 Salutis,
1188 2710 1391 2785 Qirini
1426 2710 1487 2765 de
1524 2710 1677 2769 Coelo
1704 2696 1874 2770 tadtae'.

416 2791 651 2865 Prodigia
679 2789 902 2845 consules
932 2790 1104 2846 hostiis
1130 2790 1408 2862 majoribus
1433 2808 1696 2865 procurare
1730 2794 1868 2864 juffi,

417 2874 476 2942 ὃς
506 2868 916 2944 supplicationem
951 2888 1115 2927 unum
1146 2871 1282 2925 diem
1318 2871 1511 2926 habere.
1559 2876 1682 2929 Ea
1693 2891 1753 2927 ex
1793 2871 1871 2927 se·

418 2938 794 3010 natusconsulto
838 2949 992 3011 fasta.
1070 2951 1209 3009 Plus
1227 2946 1514 3018 omnibus,
1542 2968 1626 3010 aut
1663 2953 1870 3009 nuncia-

1814 3036 1881 3090 tis
