2063 3607
507 222 927 292 LIBER
1009 217 1668 304 XXX1V.38.3.

186 355 369 395 recens
405 338 615 395 admota
635 334 775 410 legio
813 335 925 388 est·
913 370 929 395 ,
987 344 1103 386 tum
1151 336 1205 388 Sc
1234 330 1655 405 oppugnantibus

198 421 402 475 animus
428 419 601 480 crevit,
641 422 696 475 &
725 408 964 470 infensius
991 412 1157 467 hostes
1184 431 1281 488 pro
1309 411 1435 466 vallo
1460 430 1655 489 pugna-

199 501 340 557 bant.
422 497 614 555 Consul
662 498 842 552 omnia
878 491 1036 550 oculis
1083 493 1360 567 perlustrat,
1419 508 1496 556 ut,
1554 511 1657 568 qua

196 583 417 640 minima
464 580 517 636 vi
556 580 809 641 resistitur,
857 595 913 631 ea
956 589 1091 650 parte
1123 577 1390 649 irrumpat.
1439 576 1499 632 ad
1540 576 1655 631 fini-

198 665 354 719 stram
391 677 594 738 portam
640 659 982 734 infrequentes
1015 657 1192 712 videt:
1234 654 1294 711 eo
1322 657 1550 711 secundae
1587 655 1655 711 le·-

195 745 364 837 gionis
403 745 648 817 principes
691 737 1003 813 hastatosque
1047 739 1260 796 inducit.
1346 741 1471 792 Non
1514 736 1657 793 susti·-

194 827 308 881 nuit
342 827 600 915 impetun-1
644 841 827 877 eorum
871 820 1031 879 statio,
1087 839 1202 893 quae
1244 834 1400 894 portae
1425 819 1657 893 oppofita

194 919 317 963 erat.
356 911 409 963 &
428 906 602 968 ceteri,
642 906 984 978 posteaquam
1010 902 1138 954 intra
1166 902 1351 957 vallum
1383 898 1549 955 hostes
1579 902 1656 956 vi-

194 988 332 1047 dent,
384 987 498 1059 ipfis
544 987 708 1041 castris
742 984 896 1047 exuti,
941 981 1083 1057 figna
1114 999 1355 1056 armaque
1395 981 1660 1073 abjiciunt.

195 1069 457 1125 caeduntur
493 1067 553 1123 in
592 1066 753 1141 portis
791 1063 994 1120 suomet
1034 1063 1127 1136 ipfi
1171 1064 1384 1141 agmine
1428 1064 1480 1116 in
1510 1064 1655 1118 arcto

195 1149 436 1204 haerentes
474 1171 485 1205 :
527 1147 797 1204 secundani
822 1159 964 1221 terga
992 1143 1218 1200 hostium
1248 1146 1465 1206 caedunt,
1505 1144 1658 1199 ceteri

196 1233 350 1286 castra
374 1231 633 1303 diripiunt.
710 1227 932 1284 Valerius
970 1227 1145 1281 Antias
1177 1227 1326 1299 supra
1357 1226 1659 1300 quadragin-

196 1324 247 1367 ta
284 1311 439 1366 millia
480 1312 704 1367 hostium
738 1308 858 1365 caesa
898 1325 962 1362 eo
995 1307 1075 1361 die
1102 1305 1285 1364 scribit.
1368 1309 1502 1361 Cato
1536 1306 1659 1380 ipse,

194 1392 326 1447 haud
355 1389 468 1448 iane
499 1392 802 1448 detrectator
827 1389 1034 1445 laudum
1065 1384 1286 1453 suarum,
1342 1387 1533 1445 multos
1562 1406 1659 1444 cae-

194 1473 274 1529 sos
309 1475 377 1529 ait
402 1496 416 1535 3
459 1492 740 1530 numerum
764 1491 869 1528 non
898 1469 1147 1527 adscribit.

275 1557 423 1613 XVI.
463 1556 582 1612 Tria
611 1573 675 1610 eo
718 1555 796 1610 die
826 1551 1077 1610 laudabilia
1124 1554 1293 1609 fecisse
1336 1564 1553 1626 putatur.
1598 1570 1658 1606 u-

193 1655 345 1699 num,
385 1635 519 1711 quod
550 1636 906 1694 circumdufito
933 1634 1174 1696 exercitu,
1226 1632 1405 1710 procul
1446 1632 1660 1688 navibus

198 1719 294 1773 suis
325 1719 600 1792 castrisque,
651 1719 737 1774 ubi
779 1718 922 1792 {pem
964 1715 1053 1771 nifi
1090 1715 1143 1769 in
1181 1717 1369 1770 virtute
1404 1712 1660 1774 haberent,

188 1800 324 1853 inter
358 1801 553 1855 medios
581 1800 763 1855 hostcis
795 1797 1038 1873 proelium
1070 1796 1331 1852 commisit
1357 1818 1367 1850 ς
1425 1795 1659 1857 alterum.

194 1878 329 1954 quod
362 1880 595 1936 cohortes
617 1880 677 1936 ab
706 1896 851 1956 tergo
875 1878 1102 1934 hostibus
1128 1879 1317 1951 objecit
1351 1899 1361 1932 z
1428 1878 1659 1937 tertium,

183 1961 329 2035 quod
358 1961 626 2017 secundam
659 1962 930 2037 legionem,
995 1961 1170 2016 ceteris
1207 1957 1447 2013 omnibus
1486 1957 1659 2014 effufis

195 2044 255 2098 ad
293 2041 566 2117 sequendos
600 2042 800 2104 hosteiS,
839 2042 990 2115 pleno
1013 2042 1168 2115 gradu
1204 2040 1294 2098 sub
1320 2042 1474 2115 lignis
1508 2058 1658 2094 com-

195 2126 414 2197 pofitam
444 2126 848 2199 instructamque
878 2123 1035 2178 subire
1062 2124 1121 2177 ad
1145 2136 1346 2195 portam
1380 2125 1657 2176 castrorum

193 2207 351 2278 juffit.
441 2204 584 2263 Nihil
624 2206 800 2269 deinde
836 2203 861 2261 a
895 2205 1107 2259 vidi-oria
1139 2204 1378 2260 ceffatum
1413 2225 1424 2258 t
1472 2222 1659 2276 quum,

195 2290 422 2360 receptui
467 2290 612 2363 signo
650 2289 783 2347 dato,
838 2286 952 2342 suos
993 2285 1155 2359 spoliis
1182 2285 1392 2341 onustos
1426 2287 1476 2343 in
1505 2286 1660 2340 castra

193 2370 481 2431 reduxisset,
524 2371 694 2443 paucis
721 2369 858 2424 horis
884 2368 1050 2422 moestis
1081 2369 1141 2422 ad
1171 2369 1396 2441 quietem
1423 2367 1565 2428 datiS,
1598 2367 1660 2422 ad

196 2452 525 2524 praedandum
567 2452 619 2504 in
655 2469 800 2526 agros
843 2449 1005 2505 duxit.
1099 2445 1332 2510 Effusnhs,
1393 2462 1445 2504 ut
1490 2447 1663 2520 sparfis

197 2531 420 2588 hostibus
461 2532 600 2606 fuga,
649 2532 852 2604 praedati
894 2530 1021 2587 sunt.
1077 2549 1189 2604 quae
1217 2547 1291 2585 res
1333 2548 1439 2584 non
1469 2526 1661 2592 minim,

189 2631 350 2686 quam
378 2632 555 2690 pugna
577 2614 735 2685 pridie
766 2613 981 2673 adversa,
1025 2613 1383 2686 Emporitanos
1409 2609 1660 2685 Hispanos

194 2694 484 2788 accolasque
515 2714 697 2751 eorum
735 2696 789 2748 in
831 2695 1141 2749 deditionem
1189 2690 1461 2767 compulit.
1512 2692 1665 2748 multi

196 2780 252 2832 ac
285 2766 499 2834 'aliarum
542 2778 827 2839 civitatum,
890 2778 977 2849 qui
1019 2778 1285 2848 Emporias
1321 2773 1664 2849 perfugerant,

191 2859 487 2916 dediderunt
530 2858 593 2914 se
660 2877 789 2933 quos
841 2875 1040 2918 ornnes,
1102 2856 1370 2931 appellatos
1426 2854 1663 2932 benigne,

198 2939 422 3016 vinoque
452 2945 507 3000 &c
546 2938 661 2996 cibo
692 2953 905 3004 curam,
948 2939 1136 2996 domos
1175 2937 1381 2997 dimifit.
1466 2936 1659 2993 Confe-

1539 3020 1659 3076 stim
