<?xml version="1.0" encoding="UTF-8"?>
<!DOCTYPE html PUBLIC "-//W3C//DTD XHTML 1.0 Transitional//EN"
    "http://www.w3.org/TR/xhtml1/DTD/xhtml1-transitional.dtd">
<html xmlns="http://www.w3.org/1999/xhtml" xml:lang="en" lang="en">
 <head>
  <title>
</title>
<meta http-equiv="Content-Type" content="text/html;charset=utf-8" />
  <meta name='ocr-system' content='tesseract 3.04.00' />
  <meta name='ocr-capabilities' content='ocr_page ocr_carea ocr_par ocr_line ocrx_word'/>
</head>
<body>
  <div class='ocr_page' id='page_1' title='image "./tliviipatavinih10livygoog_0125.png"; bbox 0 0 2063 3607; ppageno 0'>
   <div class='ocr_carea' id='block_1_1' title="bbox 126 245 1695 3133">
    <p class='ocr_par' dir='ltr' id='par_1_1' title="bbox 126 245 1695 2369">
     <span class='ocr_line' id='line_1_1' title="bbox 566 245 1668 332; baseline -0.003 -16"><span class='ocrx_word' id='word_1_1' title='bbox 566 251 639 317; x_wconf 55' lang='grc' dir='ltr'><strong>Β</strong></span> <span class='ocrx_word' id='word_1_2' title='bbox 671 248 700 315; x_wconf 87' lang='lat'>1</span> <span class='ocrx_word' id='word_1_3' title='bbox 742 247 794 315; x_wconf 74' lang='grc' dir='ltr'>Β</span> <span class='ocrx_word' id='word_1_4' title='bbox 836 247 889 316; x_wconf 82' lang='lat' dir='ltr'>E</span> <span class='ocrx_word' id='word_1_5' title='bbox 930 249 991 314; x_wconf 86' lang='lat' dir='ltr'>R</span> <span class='ocrx_word' id='word_1_6' title='bbox 1074 245 1364 314; x_wconf 56' lang='lat' dir='ltr'>xxixa</span> <span class='ocrx_word' id='word_1_7' title='bbox 1546 259 1668 332; x_wconf 63' lang='grc' dir='ltr'>ω</span> 
     </span>
     <span class='ocr_line' id='line_1_2' title="bbox 202 348 1671 439; baseline -0.002 -23"><span class='ocrx_word' id='word_1_8' title='bbox 202 360 402 427; x_wconf 49' lang='lat' dir='ltr'>&#39;cibaria</span> <span class='ocrx_word' id='word_1_9' title='bbox 441 355 474 417; x_wconf 77' lang='grc' dir='ltr'>ὲ</span> <span class='ocrx_word' id='word_1_10' title='bbox 496 356 680 437; x_wconf 90' lang='lat' dir='ltr'>quibus</span> <span class='ocrx_word' id='word_1_11' title='bbox 702 348 998 434; x_wconf 81' lang='lat' dir='ltr'>quindecim</span> <span class='ocrx_word' id='word_1_12' title='bbox 1025 356 1225 415; x_wconf 87' lang='lat' dir='ltr'>dierum</span> <span class='ocrx_word' id='word_1_13' title='bbox 1254 357 1431 433; x_wconf 64' lang='lat' dir='ltr'>cot-Ita„</span> <span class='ocrx_word' id='word_1_14' title='bbox 1457 356 1671 439; x_wconf 69' lang='lat' dir='ltr'>impoti-s</span> 
     </span>
     <span class='ocr_line' id='line_1_3' title="bbox 201 440 1672 515; baseline -0.001 -14"><span class='ocrx_word' id='word_1_15' title='bbox 201 460 295 506; x_wconf 48' lang='lat' dir='ltr'>tu</span> <span class='ocrx_word' id='word_1_16' title='bbox 349 446 426 501; x_wconf 80' lang='lat' dir='ltr'>Ut</span> <span class='ocrx_word' id='word_1_17' title='bbox 452 459 638 501; x_wconf 86' lang='lat' dir='ltr'>omnes</span> <span class='ocrx_word' id='word_1_18' title='bbox 668 441 779 514; x_wconf 75' lang='lat' dir='ltr'>jam</span> <span class='ocrx_word' id='word_1_19' title='bbox 806 441 861 498; x_wconf 89' lang='lat' dir='ltr'>in</span> <span class='ocrx_word' id='word_1_20' title='bbox 890 440 1099 510; x_wconf 81' lang='lat' dir='ltr'>navibus</span> <span class='ocrx_word' id='word_1_21' title='bbox 1121 454 1283 504; x_wconf 79' lang='lat' dir='ltr'>era-nt,</span> <span class='ocrx_word' id='word_1_22' title='bbox 1324 441 1672 515; x_wconf 61' lang='lat' dir='ltr'>scaphas‘cir-</span> 
     </span>
     <span class='ocr_line' id='line_1_4' title="bbox 207 521 1672 601; baseline -0.003 -16"><span class='ocrx_word' id='word_1_23' title='bbox 207 524 493 588; x_wconf 70' lang='lat' dir='ltr'>cummisit,</span> <span class='ocrx_word' id='word_1_24' title='bbox 534 537 594 582; x_wconf 85' lang='lat' dir='ltr'>ut</span> <span class='ocrx_word' id='word_1_25' title='bbox 617 542 685 581; x_wconf 87' lang='lat' dir='ltr'>ex</span> <span class='ocrx_word' id='word_1_26' title='bbox 717 522 929 580; x_wconf 81' lang='lat' dir='ltr'>navibus</span> <span class='ocrx_word' id='word_1_27' title='bbox 963 521 1420 601; x_wconf 76' lang='lat' dir='ltr'>gubernatoresque</span> <span class='ocrx_word' id='word_1_28' title='bbox 1454 529 1509 583; x_wconf 70' lang='grc' dir='ltr'>ὃ(</span> <span class='ocrx_word' id='word_1_29' title='bbox 1555 543 1672 581; x_wconf 82' lang='lat' dir='ltr'>ma·</span> 
     </span>
     <span class='ocr_line' id='line_1_5' title="bbox 205 602 1676 687; baseline 0 -23"><span class='ocrx_word' id='word_1_30' title='bbox 205 607 348 687; x_wconf 81' lang='lat' dir='ltr'>gistri</span> <span class='ocrx_word' id='word_1_31' title='bbox 375 606 608 669; x_wconf 80' lang='lat' dir='ltr'>navium,</span> <span class='ocrx_word' id='word_1_32' title='bbox 648 610 705 665; x_wconf 77' lang='lat'>&amp;</span> <span class='ocrx_word' id='word_1_33' title='bbox 729 604 835 662; x_wconf 89' lang='lat' dir='ltr'>bini</span> <span class='ocrx_word' id='word_1_34' title='bbox 851 605 1037 661; x_wconf 85' lang='lat' dir='ltr'>milites</span> <span class='ocrx_word' id='word_1_35' title='bbox 1058 605 1115 660; x_wconf 86' lang='lat' dir='ltr'>in</span> <span class='ocrx_word' id='word_1_36' title='bbox 1136 602 1312 664; x_wconf 84' lang='lat' dir='ltr'>forum</span> <span class='ocrx_word' id='word_1_37' title='bbox 1340 607 1676 664; x_wconf 85' lang='lat' dir='ltr'>convenirent</span> 
     </span>
     <span class='ocr_line' id='line_1_6' title="bbox 203 687 1679 766; baseline 0 -19"><span class='ocrx_word' id='word_1_38' title='bbox 203 689 269 747; x_wconf 70' lang='lat' dir='ltr'>a&#39;d</span> <span class='ocrx_word' id='word_1_39' title='bbox 292 689 508 766; x_wconf 83' lang='lat' dir='ltr'>imperia</span> <span class='ocrx_word' id='word_1_40' title='bbox 540 688 849 763; x_wconf 84' lang='lat' dir='ltr'>accipienda.</span> <span class='ocrx_word' id='word_1_41' title='bbox 928 687 1260 763; x_wconf 87' lang='lat' dir='ltr'>Posteaquam</span> <span class='ocrx_word' id='word_1_42' title='bbox 1304 703 1679 754; x_wconf 82' lang='lat' dir='ltr'>convenerunt.</span> 
     </span>
     <span class='ocr_line' id='line_1_7' title="bbox 208 767 1674 847; baseline 0.001 -22"><span class='ocrx_word' id='word_1_43' title='bbox 208 767 439 847; x_wconf 68' lang='lat' dir='ltr'>primum</span> <span class='ocrx_word' id='word_1_44' title='bbox 471 767 533 825; x_wconf 91' lang='lat' dir='ltr'>ab</span> <span class='ocrx_word' id='word_1_45' title='bbox 565 769 626 824; x_wconf 85' lang='lat' dir='ltr'>iis</span> <span class='ocrx_word' id='word_1_46' title='bbox 653 769 900 843; x_wconf 83' lang='lat' dir='ltr'>quaefivit,</span> <span class='ocrx_word' id='word_1_47' title='bbox 949 769 988 824; x_wconf 88' lang='lat' dir='ltr'>fi</span> <span class='ocrx_word' id='word_1_48' title='bbox 1023 787 1211 843; x_wconf 84' lang='lat' dir='ltr'>aquam</span> <span class='ocrx_word' id='word_1_49' title='bbox 1248 767 1550 826; x_wconf 87' lang='lat' dir='ltr'>hominibus</span> <span class='ocrx_word' id='word_1_50' title='bbox 1585 770 1674 844; x_wconf 49' lang='lat' dir='ltr'>ju}</span> 
     </span>
     <span class='ocr_line' id='line_1_8' title="bbox 208 848 1676 925; baseline 0 -18"><span class='ocrx_word' id='word_1_51' title='bbox 208 851 496 925; x_wconf 85' lang='lat' dir='ltr'>mentisque</span> <span class='ocrx_word' id='word_1_52' title='bbox 524 851 577 904; x_wconf 89' lang='lat' dir='ltr'>in</span> <span class='ocrx_word' id='word_1_53' title='bbox 605 849 825 905; x_wconf 87' lang='lat' dir='ltr'>totidem</span> <span class='ocrx_word' id='word_1_54' title='bbox 855 848 978 911; x_wconf 87' lang='lat' dir='ltr'>dies,</span> <span class='ocrx_word' id='word_1_55' title='bbox 1012 861 1145 924; x_wconf 83' lang='lat' dir='ltr'>quot</span> <span class='ocrx_word' id='word_1_56' title='bbox 1181 848 1528 912; x_wconf 85' lang='lat' dir='ltr'>frumentum,</span> <span class='ocrx_word' id='word_1_57' title='bbox 1568 852 1676 910; x_wconf 84' lang='lat' dir='ltr'>im-</span> 
     </span>
     <span class='ocr_line' id='line_1_9' title="bbox 210 924 1676 1009; baseline 0.001 -20"><span class='ocrx_word' id='word_1_58' title='bbox 210 924 630 1008; x_wconf 62' lang='lat' dir='ltr'>posuiffent.Ubi</span> <span class='ocrx_word' id='word_1_59' title='bbox 653 928 1032 1004; x_wconf 87' lang='lat' dir='ltr'>responderunt,</span> <span class='ocrx_word' id='word_1_60' title='bbox 1075 948 1263 1005; x_wconf 87' lang='lat' dir='ltr'>aquam</span> <span class='ocrx_word' id='word_1_61' title='bbox 1295 932 1491 987; x_wconf 88' lang='lat' dir='ltr'>dierum</span> <span class='ocrx_word' id='word_1_62' title='bbox 1520 934 1676 1009; x_wconf 86' lang='lat' dir='ltr'>quin·</span> 
     </span>
     <span class='ocr_line' id='line_1_10' title="bbox 207 1010 1680 1093; baseline 0.001 -23"><span class='ocrx_word' id='word_1_63' title='bbox 207 1032 311 1093; x_wconf 77' lang='lat' dir='ltr'>que</span> <span class='ocrx_word' id='word_1_64' title='bbox 327 1018 384 1075; x_wconf 66' lang='grc' dir='ltr'>ὃς</span> <span class='ocrx_word' id='word_1_65' title='bbox 406 1011 737 1089; x_wconf 79' lang='lat' dir='ltr'>quadraginta</span> <span class='ocrx_word' id='word_1_66' title='bbox 764 1012 818 1067; x_wconf 89' lang='lat' dir='ltr'>in</span> <span class='ocrx_word' id='word_1_67' title='bbox 844 1010 1054 1067; x_wconf 84' lang='lat' dir='ltr'>navibus</span> <span class='ocrx_word' id='word_1_68' title='bbox 1071 1011 1175 1068; x_wconf 63' lang='lat' dir='ltr'>,effe</span> <span class='ocrx_word' id='word_1_69' title='bbox 1190 1033 1206 1078; x_wconf 79' lang='lat'>3</span> <span class='ocrx_word' id='word_1_70' title='bbox 1247 1027 1366 1070; x_wconf 86' lang='lat' dir='ltr'>tum</span> <span class='ocrx_word' id='word_1_71' title='bbox 1393 1014 1547 1072; x_wconf 85' lang='lat' dir='ltr'>edixit</span> <span class='ocrx_word' id='word_1_72' title='bbox 1571 1016 1680 1073; x_wconf 85' lang='lat' dir='ltr'>mi·</span> 
     </span>
     <span class='ocr_line' id='line_1_11' title="bbox 206 1091 1679 1167; baseline 0.001 -15"><span class='ocrx_word' id='word_1_73' title='bbox 206 1093 396 1159; x_wconf 82' lang='lat' dir='ltr'>litibus,</span> <span class='ocrx_word' id='word_1_74' title='bbox 435 1109 495 1150; x_wconf 83' lang='lat' dir='ltr'>ut</span> <span class='ocrx_word' id='word_1_75' title='bbox 522 1091 775 1149; x_wconf 80' lang='lat' dir='ltr'>silentium</span> <span class='ocrx_word' id='word_1_76' title='bbox 801 1093 959 1167; x_wconf 86' lang='lat' dir='ltr'>quieti</span> <span class='ocrx_word' id='word_1_77' title='bbox 984 1095 1148 1152; x_wconf 86' lang='lat' dir='ltr'>nautis</span> <span class='ocrx_word' id='word_1_78' title='bbox 1178 1094 1286 1152; x_wconf 87' lang='lat' dir='ltr'>fine</span> <span class='ocrx_word' id='word_1_79' title='bbox 1312 1097 1588 1153; x_wconf 77' lang='lat' dir='ltr'>certamine</span> <span class='ocrx_word' id='word_1_80' title='bbox 1613 1095 1679 1155; x_wconf 80' lang='lat' dir='ltr'>ad</span> 
     </span>
     <span class='ocr_line' id='line_1_12' title="bbox 211 1173 1679 1253; baseline 0.002 -20"><span class='ocrx_word' id='word_1_81' title='bbox 211 1175 489 1233; x_wconf 84' lang='lat' dir='ltr'>ministeria</span> <span class='ocrx_word' id='word_1_82' title='bbox 521 1173 831 1250; x_wconf 83' lang='lat' dir='ltr'>exsequenda</span> <span class='ocrx_word' id='word_1_83' title='bbox 874 1175 1001 1230; x_wconf 87' lang='lat' dir='ltr'>bene</span> <span class='ocrx_word' id='word_1_84' title='bbox 1035 1174 1326 1233; x_wconf 86' lang='lat' dir='ltr'>obedientes</span> <span class='ocrx_word' id='word_1_85' title='bbox 1369 1179 1679 1253; x_wconf 78' lang='lat' dir='ltr'>praestarent;</span> 
     </span>
     <span class='ocr_line' id='line_1_13' title="bbox 126 1252 1685 1334; baseline 0.004 -24"><span class='ocrx_word' id='word_1_86' title='bbox 126 1302 145 1310; x_wconf 74' lang='grc'>,.</span> <span class='ocrx_word' id='word_1_87' title='bbox 211 1252 336 1314; x_wconf 82' lang='lat' dir='ltr'>cum&#39;</span> <span class='ocrx_word' id='word_1_88' title='bbox 366 1256 553 1334; x_wconf 84' lang='lat' dir='ltr'>viginti</span> <span class='ocrx_word' id='word_1_89' title='bbox 577 1256 797 1312; x_wconf 84' lang='lat' dir='ltr'>rostratis</span> <span class='ocrx_word' id='word_1_90' title='bbox 822 1253 872 1310; x_wconf 91' lang='lat' dir='ltr'>se</span> <span class='ocrx_word' id='word_1_91' title='bbox 897 1275 957 1312; x_wconf 87' lang='lat' dir='ltr'>ac</span> <span class='ocrx_word' id='word_1_92' title='bbox 982 1259 1046 1314; x_wconf 89' lang='lat' dir='ltr'>L.</span> <span class='ocrx_word' id='word_1_93' title='bbox 1070 1256 1362 1331; x_wconf 84' lang='lat' dir='ltr'>Scipionem</span> <span class='ocrx_word' id='word_1_94' title='bbox 1405 1257 1469 1316; x_wconf 85' lang='lat' dir='ltr'>ab</span> <span class='ocrx_word' id='word_1_95' title='bbox 1503 1259 1685 1316; x_wconf 81' lang='lat' dir='ltr'>dextro</span> 
     </span>
     <span class='ocr_line' id='line_1_14' title="bbox 214 1336 1680 1402; baseline 0.003 -8"><span class='ocrx_word' id='word_1_96' title='bbox 214 1356 394 1401; x_wconf 88' lang='lat' dir='ltr'>cornu,</span> <span class='ocrx_word' id='word_1_97' title='bbox 447 1336 636 1393; x_wconf 82' lang='lat' dir='ltr'>laevum</span> <span class='ocrx_word' id='word_1_98' title='bbox 681 1336 900 1392; x_wconf 87' lang='lat' dir='ltr'>totidem</span> <span class='ocrx_word' id='word_1_99' title='bbox 943 1341 1194 1402; x_wconf 88' lang='lat' dir='ltr'>rostratas,</span> <span class='ocrx_word' id='word_1_100' title='bbox 1247 1344 1303 1399; x_wconf 70' lang='lat' dir='ltr'>St</span> <span class='ocrx_word' id='word_1_101' title='bbox 1345 1341 1412 1399; x_wconf 87' lang='lat' dir='ltr'>C.</span> <span class='ocrx_word' id='word_1_102' title='bbox 1454 1340 1680 1399; x_wconf 83' lang='lat' dir='ltr'>Laelium</span> 
     </span>
     <span class='ocr_line' id='line_1_15' title="bbox 209 1417 1683 1499; baseline 0.004 -26"><span class='ocrx_word' id='word_1_103' title='bbox 209 1417 510 1494; x_wconf 66' lang='lat' dir='ltr'>praefestum</span> <span class='ocrx_word' id='word_1_104' title='bbox 539 1417 698 1473; x_wconf 84' lang='lat' dir='ltr'>claffis</span> <span class='ocrx_word' id='word_1_105' title='bbox 720 1435 847 1473; x_wconf 88' lang='lat' dir='ltr'>cum</span> <span class='ocrx_word' id='word_1_106' title='bbox 877 1420 953 1474; x_wconf 91' lang='lat' dir='ltr'>M.</span> <span class='ocrx_word' id='word_1_107' title='bbox 977 1420 1162 1476; x_wconf 89' lang='lat' dir='ltr'>Porcio</span> <span class='ocrx_word' id='word_1_108' title='bbox 1201 1421 1405 1479; x_wconf 85' lang='lat' dir='ltr'>Catone</span> <span class='ocrx_word' id='word_1_109' title='bbox 1439 1425 1683 1499; x_wconf 78' lang='lat' dir='ltr'>(quaestor</span> 
     </span>
     <span class='ocr_line' id='line_1_16' title="bbox 210 1497 1695 1577; baseline 0.007 -22"><span class='ocrx_word' id='word_1_110' title='bbox 210 1513 333 1565; x_wconf 85' lang='lat' dir='ltr'>tum</span> <span class='ocrx_word' id='word_1_111' title='bbox 356 1502 397 1568; x_wconf 80' lang='lat' dir='ltr'>is</span> <span class='ocrx_word' id='word_1_112' title='bbox 421 1502 547 1571; x_wconf 86' lang='lat' dir='ltr'>erat)</span> <span class='ocrx_word' id='word_1_113' title='bbox 573 1499 809 1577; x_wconf 79' lang='lat' dir='ltr'>onerariis</span> <span class='ocrx_word' id='word_1_114' title='bbox 848 1497 1084 1556; x_wconf 82' lang='lat' dir='ltr'>futurum</span> <span class='ocrx_word' id='word_1_115' title='bbox 1118 1502 1367 1575; x_wconf 82' lang='lat' dir='ltr'>praefidio.</span> <span class='ocrx_word' id='word_1_116' title='bbox 1453 1506 1695 1565; x_wconf 68' lang='lat' dir='ltr'>Lumina</span> 
     </span>
     <span class='ocr_line' id='line_1_17' title="bbox 212 1578 1677 1658; baseline 0.004 -22"><span class='ocrx_word' id='word_1_117' title='bbox 212 1581 269 1636; x_wconf 91' lang='lat' dir='ltr'>in</span> <span class='ocrx_word' id='word_1_118' title='bbox 294 1579 505 1638; x_wconf 85' lang='lat' dir='ltr'>navibus</span> <span class='ocrx_word' id='word_1_119' title='bbox 521 1578 971 1658; x_wconf 69' lang='lat' dir='ltr'>fingulasostratae3</span> <span class='ocrx_word' id='word_1_120' title='bbox 1014 1581 1128 1638; x_wconf 88' lang='lat' dir='ltr'>bina</span> <span class='ocrx_word' id='word_1_121' title='bbox 1145 1583 1383 1640; x_wconf 83' lang='lat' dir='ltr'>onerariae</span> <span class='ocrx_word' id='word_1_122' title='bbox 1413 1583 1677 1643; x_wconf 81' lang='lat' dir='ltr'>haberent:</span> 
     </span>
     <span class='ocr_line' id='line_1_18' title="bbox 213 1661 1686 1739; baseline 0.004 -22"><span class='ocrx_word' id='word_1_123' title='bbox 213 1662 271 1717; x_wconf 88' lang='lat' dir='ltr'>in</span> <span class='ocrx_word' id='word_1_124' title='bbox 314 1664 549 1737; x_wconf 80' lang='lat' dir='ltr'>praetoria</span> <span class='ocrx_word' id='word_1_125' title='bbox 586 1679 717 1717; x_wconf 88' lang='lat' dir='ltr'>nave</span> <span class='ocrx_word' id='word_1_126' title='bbox 757 1661 952 1739; x_wconf 77' lang='lat' dir='ltr'>insigne</span> <span class='ocrx_word' id='word_1_127' title='bbox 982 1663 1302 1720; x_wconf 58' lang='lat' dir='ltr'>metianum</span> <span class='ocrx_word' id='word_1_128' title='bbox 1331 1665 1494 1722; x_wconf 85' lang='lat' dir='ltr'>trium</span> <span class='ocrx_word' id='word_1_129' title='bbox 1527 1664 1686 1723; x_wconf 81' lang='lat' dir='ltr'>lumi-</span> 
     </span>
     <span class='ocr_line' id='line_1_19' title="bbox 215 1743 1687 1824; baseline 0.004 -25"><span class='ocrx_word' id='word_1_130' title='bbox 215 1760 348 1799; x_wconf 88' lang='lat' dir='ltr'>num</span> <span class='ocrx_word' id='word_1_131' title='bbox 389 1744 519 1799; x_wconf 86' lang='lat' dir='ltr'>fore.</span> <span class='ocrx_word' id='word_1_132' title='bbox 598 1744 845 1817; x_wconf 84' lang='lat' dir='ltr'>Emporia</span> <span class='ocrx_word' id='word_1_133' title='bbox 887 1758 947 1800; x_wconf 85' lang='lat' dir='ltr'>ut</span> <span class='ocrx_word' id='word_1_134' title='bbox 981 1757 1225 1818; x_wconf 87' lang='lat' dir='ltr'>peterent,</span> <span class='ocrx_word' id='word_1_135' title='bbox 1268 1743 1687 1824; x_wconf 79' lang='lat' dir='ltr'>gubernatoribus</span> 
     </span>
     <span class='ocr_line' id='line_1_20' title="bbox 216 1822 1683 1903; baseline 0.004 -22"><span class='ocrx_word' id='word_1_136' title='bbox 216 1824 388 1881; x_wconf 86' lang='lat' dir='ltr'>edixit.</span> <span class='ocrx_word' id='word_1_137' title='bbox 467 1822 812 1880; x_wconf 87' lang='lat' dir='ltr'>Fertilisfimus</span> <span class='ocrx_word' id='word_1_138' title='bbox 836 1841 972 1901; x_wconf 85' lang='lat' dir='ltr'>ager,</span> <span class='ocrx_word' id='word_1_139' title='bbox 1013 1844 1180 1903; x_wconf 89' lang='lat' dir='ltr'>eoque</span> <span class='ocrx_word' id='word_1_140' title='bbox 1205 1826 1466 1886; x_wconf 86' lang='lat' dir='ltr'>abundans</span> <span class='ocrx_word' id='word_1_141' title='bbox 1505 1832 1683 1887; x_wconf 83' lang='lat' dir='ltr'>omni·</span> 
     </span>
     <span class='ocr_line' id='line_1_21' title="bbox 216 1902 1686 1986; baseline 0.005 -26"><span class='ocrx_word' id='word_1_142' title='bbox 216 1914 312 1970; x_wconf 70' lang='lat' dir='ltr'>ufm</span> <span class='ocrx_word' id='word_1_143' title='bbox 338 1902 486 1979; x_wconf 87' lang='lat' dir='ltr'>copia</span> <span class='ocrx_word' id='word_1_144' title='bbox 520 1923 696 1963; x_wconf 74' lang='lat' dir='ltr'>rerum</span> <span class='ocrx_word' id='word_1_145' title='bbox 725 1906 799 1962; x_wconf 84' lang='lat' dir='ltr'>est</span> <span class='ocrx_word' id='word_1_146' title='bbox 838 1906 997 1981; x_wconf 82' lang='lat' dir='ltr'>regio,</span> <span class='ocrx_word' id='word_1_147' title='bbox 1040 1911 1096 1964; x_wconf 74' lang='grc' dir='ltr'>δε</span> <span class='ocrx_word' id='word_1_148' title='bbox 1121 1908 1349 1966; x_wconf 85' lang='lat' dir='ltr'>imbelles</span> <span class='ocrx_word' id='word_1_149' title='bbox 1372 1913 1534 1986; x_wconf 88' lang='lat' dir='ltr'>(quod</span> <span class='ocrx_word' id='word_1_150' title='bbox 1577 1911 1686 1986; x_wconf 84' lang='lat' dir='ltr'>ple-</span> 
     </span>
     <span class='ocr_line' id='line_1_22' title="bbox 215 1986 1685 2068; baseline 0.004 -25"><span class='ocrx_word' id='word_1_151' title='bbox 215 2002 438 2062; x_wconf 86' lang='lat' dir='ltr'>rumque</span> <span class='ocrx_word' id='word_1_152' title='bbox 461 1986 516 2042; x_wconf 87' lang='lat' dir='ltr'>in</span> <span class='ocrx_word' id='word_1_153' title='bbox 543 1986 717 2043; x_wconf 86' lang='lat' dir='ltr'>urbere</span> <span class='ocrx_word' id='word_1_154' title='bbox 744 2003 870 2063; x_wconf 83' lang='lat' dir='ltr'>agro</span> <span class='ocrx_word' id='word_1_155' title='bbox 891 1988 1083 2061; x_wconf 86' lang='lat' dir='ltr'>evenit)</span> <span class='ocrx_word' id='word_1_156' title='bbox 1112 1987 1302 2049; x_wconf 79' lang='lat' dir='ltr'>barbari</span> <span class='ocrx_word' id='word_1_157' title='bbox 1324 1990 1466 2055; x_wconf 85' lang='lat' dir='ltr'>sunt:</span> <span class='ocrx_word' id='word_1_158' title='bbox 1522 1993 1685 2068; x_wconf 81' lang='lat' dir='ltr'>prius-</span> 
     </span>
     <span class='ocr_line' id='line_1_23' title="bbox 215 2065 1683 2148; baseline 0.005 -25"><span class='ocrx_word' id='word_1_159' title='bbox 215 2086 333 2143; x_wconf 85' lang='lat' dir='ltr'>que,</span> <span class='ocrx_word' id='word_1_160' title='bbox 371 2065 528 2143; x_wconf 67' lang='lat' dir='ltr'>quam</span> <span class='ocrx_word' id='word_1_161' title='bbox 560 2067 867 2146; x_wconf 82' lang='lat' dir='ltr'>Carthagine</span> <span class='ocrx_word' id='word_1_162' title='bbox 887 2068 1251 2137; x_wconf 83' lang='lat' dir='ltr'>subveniretur,</span> <span class='ocrx_word' id='word_1_163' title='bbox 1292 2074 1521 2148; x_wconf 84' lang='lat' dir='ltr'>opprimi</span> <span class='ocrx_word' id='word_1_164' title='bbox 1543 2075 1683 2131; x_wconf 86' lang='lat' dir='ltr'>vide-</span> 
     </span>
     <span class='ocr_line' id='line_1_24' title="bbox 219 2147 1694 2224; baseline 0.006 -19"><span class='ocrx_word' id='word_1_165' title='bbox 219 2147 402 2207; x_wconf 84' lang='lat' dir='ltr'>bantur</span> <span class='ocrx_word' id='word_1_166' title='bbox 435 2149 592 2224; x_wconf 73' lang='lat' dir='ltr'>poste.</span> <span class='ocrx_word' id='word_1_167' title='bbox 620 2160 626 2163; x_wconf 83' lang='grc'><em>“</em></span> <span class='ocrx_word' id='word_1_168' title='bbox 671 2151 739 2206; x_wconf 88' lang='lat' dir='ltr'>Iis</span> <span class='ocrx_word' id='word_1_169' title='bbox 774 2150 919 2207; x_wconf 88' lang='lat' dir='ltr'>editis</span> <span class='ocrx_word' id='word_1_170' title='bbox 957 2152 1202 2224; x_wconf 85' lang='lat' dir='ltr'>imperiis,</span> <span class='ocrx_word' id='word_1_171' title='bbox 1237 2156 1397 2212; x_wconf 85' lang='lat' dir='ltr'>redire</span> <span class='ocrx_word' id='word_1_172' title='bbox 1437 2155 1498 2211; x_wconf 87' lang='lat' dir='ltr'>ad</span> <span class='ocrx_word' id='word_1_173' title='bbox 1528 2175 1694 2217; x_wconf 38' lang='lat' dir='ltr'>naves)</span> 
     </span>
     <span class='ocr_line' id='line_1_25' title="bbox 216 2230 1685 2315; baseline 0.007 -30"><span class='ocrx_word' id='word_1_174' title='bbox 216 2230 364 2304; x_wconf 84' lang='lat' dir='ltr'>juffi:</span> <span class='ocrx_word' id='word_1_175' title='bbox 427 2236 481 2287; x_wconf 70' lang='grc' dir='ltr'>δε</span> <span class='ocrx_word' id='word_1_176' title='bbox 511 2232 711 2303; x_wconf 87' lang='lat' dir='ltr'>postero</span> <span class='ocrx_word' id='word_1_177' title='bbox 737 2231 834 2294; x_wconf 87' lang='lat' dir='ltr'>die,</span> <span class='ocrx_word' id='word_1_178' title='bbox 888 2232 998 2288; x_wconf 89' lang='lat' dir='ltr'>Diis</span> <span class='ocrx_word' id='word_1_179' title='bbox 1032 2232 1158 2289; x_wconf 90' lang='lat' dir='ltr'>bene</span> <span class='ocrx_word' id='word_1_180' title='bbox 1180 2235 1497 2311; x_wconf 84' lang='lat' dir='ltr'>juvantibus,</span> <span class='ocrx_word' id='word_1_181' title='bbox 1536 2238 1685 2315; x_wconf 81' lang='lat' dir='ltr'>figno</span> 
     </span>
     <span class='ocr_line' id='line_1_26' title="bbox 217 2310 758 2369; baseline 0.002 -2"><span class='ocrx_word' id='word_1_182' title='bbox 217 2312 336 2369; x_wconf 87' lang='lat' dir='ltr'>dato</span> <span class='ocrx_word' id='word_1_183' title='bbox 365 2310 554 2367; x_wconf 81' lang='lat' dir='ltr'>solvere</span> <span class='ocrx_word' id='word_1_184' title='bbox 585 2330 758 2369; x_wconf 76' lang='lat' dir='ltr'>naves,</span> 
     </span>
    </p>

    <p class='ocr_par' dir='ltr' id='par_1_2' title="bbox 215 2392 1689 3052">
     <span class='ocr_line' id='line_1_27' title="bbox 299 2392 1684 2478; baseline 0.006 -27"><span class='ocrx_word' id='word_1_185' title='bbox 299 2396 503 2451; x_wconf 82' lang='lat' dir='ltr'>XXVI.</span> <span class='ocrx_word' id='word_1_186' title='bbox 549 2393 727 2451; x_wconf 80' lang='lat' dir='ltr'>Multae</span> <span class='ocrx_word' id='word_1_187' title='bbox 748 2392 915 2450; x_wconf 78' lang='lat' dir='ltr'>classes</span> <span class='ocrx_word' id='word_1_188' title='bbox 945 2397 1204 2453; x_wconf 81' lang='lat' dir='ltr'>Romanae</span> <span class='ocrx_word' id='word_1_189' title='bbox 1238 2394 1268 2454; x_wconf 81' lang='grc' dir='ltr'>ὲ</span> <span class='ocrx_word' id='word_1_190' title='bbox 1298 2397 1477 2464; x_wconf 83' lang='lat' dir='ltr'>Sicilia,</span> <span class='ocrx_word' id='word_1_191' title='bbox 1531 2416 1684 2478; x_wconf 84' lang='lat' dir='ltr'>atque</span> 
     </span>
     <span class='ocr_line' id='line_1_28' title="bbox 218 2473 1683 2550; baseline 0.007 -20"><span class='ocrx_word' id='word_1_192' title='bbox 218 2474 327 2550; x_wconf 78' lang='lat' dir='ltr'>ipso</span> <span class='ocrx_word' id='word_1_193' title='bbox 366 2473 451 2529; x_wconf 91' lang='lat' dir='ltr'>illo</span> <span class='ocrx_word' id='word_1_194' title='bbox 489 2488 643 2549; x_wconf 83' lang='lat' dir='ltr'>portu</span> <span class='ocrx_word' id='word_1_195' title='bbox 681 2475 929 2549; x_wconf 68' lang='lat' dir='ltr'>profed&#39;tae</span> <span class='ocrx_word' id='word_1_196' title='bbox 953 2494 1113 2536; x_wconf 82' lang='lat' dir='ltr'>erant.</span> <span class='ocrx_word' id='word_1_197' title='bbox 1197 2476 1441 2538; x_wconf 67' lang='lat' dir='ltr'>Ceterum</span> <span class='ocrx_word' id='word_1_198' title='bbox 1470 2501 1576 2538; x_wconf 90' lang='lat' dir='ltr'>non</span> <span class='ocrx_word' id='word_1_199' title='bbox 1616 2502 1683 2540; x_wconf 88' lang='lat' dir='ltr'>eo</span> 
     </span>
     <span class='ocr_line' id='line_1_29' title="bbox 217 2551 1687 2635; baseline 0.008 -25"><span class='ocrx_word' id='word_1_200' title='bbox 217 2555 346 2613; x_wconf 88' lang='lat' dir='ltr'>bello</span> <span class='ocrx_word' id='word_1_201' title='bbox 363 2551 544 2620; x_wconf 67' lang='lat' dir='ltr'>solum,</span> <span class='ocrx_word' id='word_1_202' title='bbox 593 2562 715 2631; x_wconf 85' lang='lat' dir='ltr'>(nec</span> <span class='ocrx_word' id='word_1_203' title='bbox 744 2557 794 2613; x_wconf 91' lang='lat' dir='ltr'>id</span> <span class='ocrx_word' id='word_1_204' title='bbox 833 2558 1047 2622; x_wconf 85' lang='lat' dir='ltr'>mirum,</span> <span class='ocrx_word' id='word_1_205' title='bbox 1086 2561 1370 2635; x_wconf 75' lang='lat' dir='ltr'>praedatum</span> <span class='ocrx_word' id='word_1_206' title='bbox 1402 2563 1546 2619; x_wconf 86' lang='lat' dir='ltr'>enim</span> <span class='ocrx_word' id='word_1_207' title='bbox 1573 2579 1687 2622; x_wconf 84' lang='lat' dir='ltr'>tan-</span> 
     </span>
     <span class='ocr_line' id='line_1_30' title="bbox 216 2637 1689 2723; baseline 0.007 -30"><span class='ocrx_word' id='word_1_208' title='bbox 216 2637 501 2714; x_wconf 76' lang='lat' dir='ltr'>tummodo</span> <span class='ocrx_word' id='word_1_209' title='bbox 544 2637 793 2714; x_wconf 78' lang='lat' dir='ltr'>pleraeque</span> <span class='ocrx_word' id='word_1_210' title='bbox 833 2637 1003 2695; x_wconf 83' lang='lat' dir='ltr'>classes</span> <span class='ocrx_word' id='word_1_211' title='bbox 1044 2640 1229 2712; x_wconf 88' lang='lat' dir='ltr'>ierant)</span> <span class='ocrx_word' id='word_1_212' title='bbox 1269 2642 1350 2698; x_wconf 65' lang='lat' dir='ltr'>fied</span> <span class='ocrx_word' id='word_1_213' title='bbox 1404 2663 1471 2701; x_wconf 91' lang='lat' dir='ltr'>ne</span> <span class='ocrx_word' id='word_1_214' title='bbox 1516 2647 1689 2723; x_wconf 82' lang='lat' dir='ltr'>priore</span> 
     </span>
     <span class='ocr_line' id='line_1_31' title="bbox 217 2718 1687 2805; baseline 0.007 -30"><span class='ocrx_word' id='word_1_215' title='bbox 217 2720 428 2799; x_wconf 82' lang='lat' dir='ltr'>quidem</span> <span class='ocrx_word' id='word_1_216' title='bbox 472 2718 567 2777; x_wconf 90' lang='lat' dir='ltr'>ulla</span> <span class='ocrx_word' id='word_1_217' title='bbox 605 2719 863 2793; x_wconf 69' lang='lat' dir='ltr'>profefflo</span> <span class='ocrx_word' id='word_1_218' title='bbox 894 2722 1020 2778; x_wconf 86' lang='lat' dir='ltr'>tanti</span> <span class='ocrx_word' id='word_1_219' title='bbox 1063 2721 1333 2795; x_wconf 62' lang='lat' dir='ltr'>speetaculi</span> <span class='ocrx_word' id='word_1_220' title='bbox 1367 2725 1482 2785; x_wconf 81' lang='lat' dir='ltr'>fuit.</span> <span class='ocrx_word' id='word_1_221' title='bbox 1521 2747 1687 2805; x_wconf 87' lang='lat' dir='ltr'>quan-</span> 
     </span>
     <span class='ocr_line' id='line_1_32' title="bbox 215 2800 1686 2878; baseline 0.009 -24"><span class='ocrx_word' id='word_1_222' title='bbox 215 2819 377 2876; x_wconf 87' lang='lat' dir='ltr'>quam</span> <span class='ocrx_word' id='word_1_223' title='bbox 418 2801 456 2855; x_wconf 87' lang='lat' dir='ltr'><strong>fi</strong></span> <span class='ocrx_word' id='word_1_224' title='bbox 489 2800 840 2878; x_wconf 85' lang='lat' dir='ltr'>magnitudine</span> <span class='ocrx_word' id='word_1_225' title='bbox 877 2801 1034 2860; x_wconf 75' lang='lat' dir='ltr'>classis</span> <span class='ocrx_word' id='word_1_226' title='bbox 1072 2805 1434 2871; x_wconf 82' lang='lat' dir='ltr'>aestimaretur,</span> <span class='ocrx_word' id='word_1_227' title='bbox 1486 2813 1543 2868; x_wconf 70' lang='grc' dir='ltr'>ὃς·</span> <span class='ocrx_word' id='word_1_228' title='bbox 1577 2808 1686 2868; x_wconf 85' lang='lat' dir='ltr'>bini</span> 
     </span>
     <span class='ocr_line' id='line_1_33' title="bbox 216 2876 1685 2962; baseline 0.008 -25"><span class='ocrx_word' id='word_1_229' title='bbox 216 2876 445 2939; x_wconf 81' lang='lat' dir='ltr'>consules</span> <span class='ocrx_word' id='word_1_230' title='bbox 470 2900 592 2938; x_wconf 81' lang='lat' dir='ltr'>cum</span> <span class='ocrx_word' id='word_1_231' title='bbox 628 2883 756 2940; x_wconf 86' lang='lat' dir='ltr'>binis</span> <span class='ocrx_word' id='word_1_232' title='bbox 781 2886 1081 2955; x_wconf 77' lang='lat' dir='ltr'>exercitibus</span> <span class='ocrx_word' id='word_1_233' title='bbox 1105 2901 1221 2945; x_wconf 84' lang='lat' dir='ltr'>ante</span> <span class='ocrx_word' id='word_1_234' title='bbox 1246 2888 1573 2962; x_wconf 81' lang='lat' dir='ltr'>trajecerant:</span> <span class='ocrx_word' id='word_1_235' title='bbox 1630 2896 1685 2949; x_wconf 75' lang='grc' dir='ltr'>δε</span> 
     </span>
     <span class='ocr_line' id='line_1_34' title="bbox 217 2964 1687 3052; baseline 0.005 -32"><span class='ocrx_word' id='word_1_236' title='bbox 217 2982 380 3050; x_wconf 55' lang='lat' dir='ltr'>prope</span> <span class='ocrx_word' id='word_1_237' title='bbox 413 2964 633 3046; x_wconf 79' lang='lat' dir='ltr'>totidem</span> <span class='ocrx_word' id='word_1_238' title='bbox 672 2967 892 3048; x_wconf 56' lang='lat' dir='ltr'>goligatae</span> <span class='ocrx_word' id='word_1_239' title='bbox 934 2969 990 3052; x_wconf 75' lang='lat' dir='ltr'>in</span> <span class='ocrx_word' id='word_1_240' title='bbox 1037 2965 1129 3050; x_wconf 55' lang='lat' dir='ltr'>illis</span> <span class='ocrx_word' id='word_1_241' title='bbox 1180 2968 1410 3052; x_wconf 67' lang='lat' dir='ltr'>flaiiibus</span> <span class='ocrx_word' id='word_1_242' title='bbox 1458 2972 1687 3037; x_wconf 81' lang='lat' dir='ltr'>fuerant,</span> 
     </span>
    </p>

    <p class='ocr_par' dir='ltr' id='par_1_3' title="bbox 1556 3068 1688 3133">
     <span class='ocr_line' id='line_1_35' title="bbox 1556 3068 1688 3133; baseline 0.023 -23"><span class='ocrx_word' id='word_1_243' title='bbox 1556 3068 1688 3133; x_wconf 83' lang='lat' dir='ltr'>quot</span> 
     </span>
    </p>
   </div>
  </div>
 </body>
</html>
