2063 3607
606 277 667 341 L
710 277 736 341 1
775 276 827 340 B
867 275 919 340 E
964 276 1022 340 R
1093 277 1425 347 xxxiv.
1602 299 1725 368 417

276 402 424 468 porta
451 392 632 466 erupit.
670 391 738 448 ita
776 389 929 446 fimul
964 391 1054 446 tria
1092 392 1268 466 proelia
1299 393 1431 449 circa
1469 393 1622 449 castra
1650 393 1727 449 lo·-

276 476 348 531 cis
371 475 662 531 distantibus
686 488 851 528 erant:
894 472 1234 547 clamoresque
1265 475 1445 530 diffoni
1471 477 1531 531 ad
1560 477 1726 531 incer-

275 569 357 611 tos
394 554 600 612 suorum
646 568 854 610 eventus
890 552 918 609 ὲ
957 554 1184 628 praesenti
1213 557 1489 612 certamine
1516 560 1724 612 animos

274 639 619 712 pugnantium
657 634 962 692 avertebant.
1037 635 1211 709 Usque
1246 638 1304 692 ad
1342 639 1607 695 meridiem
1647 659 1720 695 ae-

275 720 387 791 quis
418 719 622 780 viribu5‚
660 736 719 773 ac
760 715 919 791 prope
953 718 1059 790 pati
1088 719 1172 791 spe
1197 733 1489 795 pugnatum
1526 724 1615 777 est.
1651 720 1725 776 la-

252 797 370 869 ¹bor
408 803 461 857 ὃῖ
502 802 649 855 aestus
690 797 866 852 mollia
904 802 957 854 &
993 799 1151 853 fluida
1186 818 1397 874 corpora
1432 800 1721 867 Gallorum,

277 883 331 935 δί
375 879 593 936 minime
633 880 870 954 patientia
905 879 1024 941 fitis,
1068 897 1229 958 quum
1271 882 1505 938 decedere
1545 903 1722 958 pugna

276 961 553 1037 co‘e'giffet3
599 962 653 1016 in
693 979 883 1035 paucos
917 963 1153 1016 restantes
1186 963 1443 1036 impetum
1485 966 1721 1020 Romani

273 1040 520 1104 fecerunt,
560 1040 795 1116 fusosque
819 1042 1178 1116 compulerunt
1204 1045 1257 1098 in
1284 1047 1455 1102 castra.
1500 1047 1722 1123 Signum

276 1124 392 1177 inde
423 1125 646 1197 receptui
683 1120 712 1178 ὲ
751 1121 953 1179 consule
991 1123 1169 1179 datum
1209 1126 1296 1182 est.
1336 1128 1394 1182 ad
1435 1129 1572 1201 quod
1607 1147 1723 1202 pars

275 1205 449 1279 major
481 1217 775 1278 receperunt
806 1204 933 1265 sese;
979 1223 1106 1275 pars,
1146 1208 1434 1262 certaminis
1464 1210 1626 1264 studio
1663 1214 1720 1267 δί

273 1283 360 1359 spe
399 1286 632 1359 potiundi
674 1286 839 1340 castris
877 1285 1121 1351 hostium,
1160 1289 1371 1361 perstitit
1413 1290 1472 1343 ad
1514 1289 1722 1347 vallum.

275 1371 476 1423 Eorum
502 1369 751 1441 paucitate
778 1381 1091 1440 contempta,
1129 1369 1258 1425 Galli
1288 1371 1504 1425 universi
1535 1391 1596 1427 ex
1637 1392 1723 1428 ca-

276 1448 385 1503 stris
425 1462 731 1523 erumpunt:
784 1447 880 1502 fusi
913 1448 1029 1503 inde
1064 1452 1312 1514 Romani,
1350 1470 1464 1526 quae
1499 1454 1723 1527 imperio

276 1528 489 1584 consulis
519 1530 798 1590 noluerant,
835 1529 925 1584 suo
949 1548 1137 1604 pavore
1166 1552 1223 1587 ac
1248 1546 1435 1589 terrore
1465 1537 1617 1590 castra
1643 1554 1724 1590 re-

275 1625 474 1684 petunt.
521 1612 589 1666 ita
628 1612 762 1665 varia
802 1610 921 1665 hinc
956 1625 1107 1685 atque
1142 1612 1275 1668 illinc
1317 1634 1454 1670 nunc
1494 1617 1725 1678 vistoria,

275 1710 416 1747 nunc
444 1691 566 1767 fuga
589 1691 700 1747 fuit.
752 1691 1018 1747 Gal'orum
1044 1708 1222 1748 tamen
1248 1696 1308 1750 ad
1334 1698 1574 1753 undecim
1602 1698 1723 1753 mil-

273 1771 353 1837 lia,
395 1777 753 1830 Romanorum
781 1773 1004 1848 quinque
1031 1774 1188 1831 millia
1211 1777 1328 1834 sunt
1352 1779 1536 1835 occisa.

354 1857 605 1911 XLVIII.
642 1854 770 1910 Galli
809 1873 1039 1929 recepere
1080 1858 1131 1912 in
1167 1859 1350 1915 intima
1379 1862 1562 1917 finium
1602 1861 1718 1919 stse0

275 1935 470 1991 Consul
499 1937 803 1992 Placentiam
836 1934 1059 2011 legiones
1099 1939 1257 1997 duxit.
1340 1943 1632 2017 Scipionem
1671 1963 1724 2000 a·-

273 2017 344 2081 lii,
385 2017 673 2091 conjuntsto
700 2019 921 2073 exercitu
950 2037 1073 2074 cum
1109 2021 1316 2097 collega,
1352 2043 1440 2098 per
1470 2028 1722 2098 Bojorum

276 2100 636 2175 Ligurumque
673 2116 822 2174 agros
864 2099 1194 2174 populantem
1246 2103 1348 2164 tffe,
1394 2107 1561 2179 quoad
1599 2127 1723 2182 pro-

272 2181 415 2257 gredi
452 2180 582 2236 filvae
618 2179 917 2254 paludesque
951 2182 1099 2255 paffae
1142 2183 1257 2247 fint,
1300 2184 1526 2245 scribunt
1556 2212 1568 2244 ι
1625 2188 1724 2251 alii,

275 2260 409 2317 nulla
449 2261 771 2317 memorabili
799 2281 853 2315 re
889 2265 1041 2338 gesta,
1084 2266 1418 2324 comitiorum
1449 2271 1610 2327 cauffix
1644 2291 1725 2328 ize-

274 2343 414 2398 diiffe
457 2347 711 2400 Romam.
802 2345 999 2400 Eodem
1042 2343 1143 2401 hoc
1189 2365 1327 2403 anno
1366 2356 1434 2407 T.
1480 2354 1727 2427 Quintiue

274 2422 465 2488 Elatiae,
505 2427 610 2499 quo
632 2426 684 2478 in
708 2422 911 2480 hiberna
936 2426 1196 2483 reduxerat
1221 2431 1408 2505 copiaS,
1441 2446 1615 2491 totum
1640 2434 1724 2490 hie

274 2507 407 2581 emig
434 2520 638 2581 tempus
669 2505 780 2580 jure
804 2505 1027 2563 dicundo
1054 2509 1397 2585 consumpfit;
1443 2515 1726 2573 mutandis-

274 2607 377 2663 que
414 2588 491 2651 iis,
527 2606 639 2663 quae
668 2600 756 2644 aut
781 2587 930 2660 ipfius
964 2589 1197 2664 Philippi,
1235 2609 1323 2650 aut
1354 2595 1726 2670 praefeetorum

278 2671 391 2739 ejus
419 2669 619 2726 licentia
658 2670 710 2722 in
750 2669 1034 2725 civitatibus
1066 2669 1199 2727 fasta
1229 2692 1387 2742 erant,
1425 2696 1591 2754 quum
1629 2668 1729 2737 fuae

277 2749 517 2807 faotionis
555 2749 834 2807 hominum
865 2751 994 2807 vires
1030 2756 1283 2828 augendo,
1325 2758 1410 2830 jus
1440 2779 1506 2822 ae
1530 2761 1728 2819 liberta-

276 2846 386 2890 tem
413 2832 627 2889 aliorum
654 2833 973 2908 deprimeret.
1051 2837 1196 2892 Veris
1217 2838 1366 2896 initio
1392 2831 1731 2908 Corinthum2

278 2928 538 2971 conventu
563 2915 751 2978 edistn,
790 2917 948 2973 venit.
986 2913 1053 2971 ibi
1079 2920 1324 2977 omnium
1367 2924 1632 2981 civitatum
1662 2927 1731 2982 le-

277 2995 525 3077 gationes,
562 2997 616 3055 in
643 2996 904 3056 concionis
931 2998 1153 3055 modum
1184 3002 1533 3071 circumfusis,
1569 3009 1642 3063 est
1663 3008 1734 3065 al-

1057 3084 1090 3136 S
1133 3102 1170 3155 5
1489 3086 1689 3148 locutus
1700 3112 1730 3159 ς
