<?xml version="1.0" encoding="UTF-8"?>
<!DOCTYPE html PUBLIC "-//W3C//DTD XHTML 1.0 Transitional//EN"
    "http://www.w3.org/TR/xhtml1/DTD/xhtml1-transitional.dtd">
<html xmlns="http://www.w3.org/1999/xhtml" xml:lang="en" lang="en">
 <head>
  <title>
</title>
<meta http-equiv="Content-Type" content="text/html;charset=utf-8" />
  <meta name='ocr-system' content='tesseract 3.04.00' />
  <meta name='ocr-capabilities' content='ocr_page ocr_carea ocr_par ocr_line ocrx_word'/>
</head>
<body>
  <div class='ocr_page' id='page_1' title='image "./tliviipatavinih10livygoog_0238.png"; bbox 0 0 2063 3607; ppageno 0'>
   <div class='ocr_carea' id='block_1_1' title="bbox 312 271 1851 3116">
    <p class='ocr_par' dir='ltr' id='par_1_1' title="bbox 396 271 1401 370">
     <span class='ocr_line' id='line_1_1' title="bbox 396 271 1401 370; baseline -0.013 -20"><span class='ocrx_word' id='word_1_1' title='bbox 396 293 518 370; x_wconf 67' lang='lat'>232</span> <span class='ocrx_word' id='word_1_2' title='bbox 852 275 973 339; x_wconf 78' lang='lat' dir='ltr'>T.·</span> <span class='ocrx_word' id='word_1_3' title='bbox 1023 274 1086 341; x_wconf 89' lang='lat' dir='ltr'>L·</span> <span class='ocrx_word' id='word_1_4' title='bbox 1125 275 1150 336; x_wconf 92' lang='lat'><em>1</em></span> <span class='ocrx_word' id='word_1_5' title='bbox 1198 271 1260 337; x_wconf 91' lang='lat' dir='ltr'>V</span> <span class='ocrx_word' id='word_1_6' title='bbox 1306 275 1330 337; x_wconf 91' lang='lat'>1</span> <span class='ocrx_word' id='word_1_7' title='bbox 1377 276 1401 337; x_wconf 83' lang='lat' dir='ltr'>I</span> 
     </span>
    </p>

    <p class='ocr_par' dir='ltr' id='par_1_2' title="bbox 380 383 1839 628">
     <span class='ocr_line' id='line_1_2' title="bbox 380 383 1837 467; baseline -0.005 -18"><span class='ocrx_word' id='word_1_8' title='bbox 380 395 563 451; x_wconf 75' lang='lat' dir='ltr'>occisi:</span> <span class='ocrx_word' id='word_1_9' title='bbox 602 390 767 467; x_wconf 82' lang='lat' dir='ltr'>plures</span> <span class='ocrx_word' id='word_1_10' title='bbox 803 388 954 461; x_wconf 86' lang='lat' dir='ltr'>capti.</span> <span class='ocrx_word' id='word_1_11' title='bbox 1039 392 1276 463; x_wconf 83' lang='lat' dir='ltr'>Legatus‚</span> <span class='ocrx_word' id='word_1_12' title='bbox 1324 383 1575 441; x_wconf 79' lang='lat' dir='ltr'>incolum-i</span> <span class='ocrx_word' id='word_1_13' title='bbox 1616 383 1837 442; x_wconf 73' lang='lat' dir='ltr'>exercita·</span> 
     </span>
     <span class='ocr_line' id='line_1_3' title="bbox 382 466 1839 541; baseline -0.005 -11"><span class='ocrx_word' id='word_1_14' title='bbox 382 478 596 532; x_wconf 64' lang='lat' dir='ltr'>reducto</span> <span class='ocrx_word' id='word_1_15' title='bbox 616 474 677 530; x_wconf 89' lang='lat' dir='ltr'>ad</span> <span class='ocrx_word' id='word_1_16' title='bbox 707 469 982 532; x_wconf 86' lang='lat' dir='ltr'>consulem,</span> <span class='ocrx_word' id='word_1_17' title='bbox 1002 469 1299 541; x_wconf 21' lang='lat' dir='ltr'>*remittitur</span> <span class='ocrx_word' id='word_1_18' title='bbox 1325 466 1440 522; x_wconf 86' lang='lat' dir='ltr'>inde</span> <span class='ocrx_word' id='word_1_19' title='bbox 1476 467 1737 541; x_wconf 83' lang='lat' dir='ltr'>extemplo</span> <span class='ocrx_word' id='word_1_20' title='bbox 1775 467 1839 523; x_wconf 84' lang='lat' dir='ltr'>ad</span> 
     </span>
     <span class='ocr_line' id='line_1_4' title="bbox 381 556 798 628; baseline 0.002 -16"><span class='ocrx_word' id='word_1_21' title='bbox 381 556 602 615; x_wconf 69' lang='lat' dir='ltr'>classem.</span> <span class='ocrx_word' id='word_1_22' title='bbox 694 623 698 628; x_wconf 12' lang='grc' dir='ltr'>ἱ</span> <span class='ocrx_word' id='word_1_23' title='bbox 792 582 798 586; x_wconf 93' lang='grc'><strong><em>·</em></strong></span> 
     </span>
    </p>

    <p class='ocr_par' dir='ltr' id='par_1_3' title="bbox 381 626 1851 2556">
     <span class='ocr_line' id='line_1_5' title="bbox 401 626 1839 702; baseline -0.01 -6"><span class='ocrx_word' id='word_1_24' title='bbox 401 672 405 677; x_wconf 88' lang='grc'><strong>-</strong></span> <span class='ocrx_word' id='word_1_25' title='bbox 459 638 718 695; x_wconf 80' lang='lat' dir='ltr'>XXVIII.</span> <span class='ocrx_word' id='word_1_26' title='bbox 763 637 871 688; x_wconf 83' lang='lat' dir='ltr'>Hac</span> <span class='ocrx_word' id='word_1_27' title='bbox 899 628 1010 688; x_wconf 84' lang='lat' dir='ltr'>satis</span> <span class='ocrx_word' id='word_1_28' title='bbox 1040 628 1170 686; x_wconf 83' lang='lat' dir='ltr'>felici</span> <span class='ocrx_word' id='word_1_29' title='bbox 1192 627 1510 702; x_wconf 65' lang='lat' dir='ltr'>expeditione</span> <span class='ocrx_word' id='word_1_30' title='bbox 1532 626 1661 682; x_wconf 84' lang='lat' dir='ltr'>bello</span> <span class='ocrx_word' id='word_1_31' title='bbox 1687 644 1839 682; x_wconf 86' lang='lat' dir='ltr'>com·</span> 
     </span>
     <span class='ocr_line' id='line_1_6' title="bbox 383 707 1835 792; baseline -0.01 -17"><span class='ocrx_word' id='word_1_32' title='bbox 383 721 553 779; x_wconf 80' lang='lat' dir='ltr'>miffo&#39;,</span> <span class='ocrx_word' id='word_1_33' title='bbox 593 715 751 792; x_wconf 84' lang='lat' dir='ltr'>reguli</span> <span class='ocrx_word' id='word_1_34' title='bbox 797 714 1142 786; x_wconf 74' lang='lat' dir='ltr'>ac‘principes</span> <span class='ocrx_word' id='word_1_35' title='bbox 1184 707 1740 766; x_wconf 25' lang='lat' dir='ltr'>accolaecMaeedonum</span> <span class='ocrx_word' id='word_1_36' title='bbox 1777 708 1835 762; x_wconf 85' lang='lat' dir='ltr'>in</span> 
     </span>
     <span class='ocr_line' id='line_1_7' title="bbox 386 787 1831 856; baseline -0.01 0"><span class='ocrx_word' id='word_1_37' title='bbox 386 803 539 856; x_wconf 83' lang='lat' dir='ltr'>castra</span> <span class='ocrx_word' id='word_1_38' title='bbox 565 803 806 854; x_wconf 81' lang='lat' dir='ltr'>Romana</span> <span class='ocrx_word' id='word_1_39' title='bbox 822 795 1051 853; x_wconf 75' lang='lat' dir='ltr'>veniunt5</span> <span class='ocrx_word' id='word_1_40' title='bbox 1109 790 1358 847; x_wconf 83' lang='lat' dir='ltr'>Pleuratus</span> <span class='ocrx_word' id='word_1_41' title='bbox 1387 787 1665 844; x_wconf 82' lang='lat' dir='ltr'>Scerdilaedi</span> <span class='ocrx_word' id='word_1_42' title='bbox 1688 789 1831 848; x_wconf 57' lang='lat' dir='ltr'>filius„</span> 
     </span>
     <span class='ocr_line' id='line_1_8' title="bbox 386 869 1834 954; baseline -0.011 -15"><span class='ocrx_word' id='word_1_43' title='bbox 386 886 442 939; x_wconf 82' lang='lat'>&amp;</span> <span class='ocrx_word' id='word_1_44' title='bbox 489 878 812 954; x_wconf 84' lang='lat' dir='ltr'>Amynander</span> <span class='ocrx_word' id='word_1_45' title='bbox 860 874 1205 929; x_wconf 82' lang='lat' dir='ltr'>Athamanum</span> <span class='ocrx_word' id='word_1_46' title='bbox 1248 889 1351 932; x_wconf 86' lang='lat' dir='ltr'>rex,</span> <span class='ocrx_word' id='word_1_47' title='bbox 1391 874 1446 926; x_wconf 71' lang='grc' dir='ltr'>δε</span> <span class='ocrx_word' id='word_1_48' title='bbox 1486 889 1548 923; x_wconf 85' lang='lat' dir='ltr'>ex</span> <span class='ocrx_word' id='word_1_49' title='bbox 1591 869 1834 925; x_wconf 73' lang='lat' dir='ltr'>Dardania</span> 
     </span>
     <span class='ocr_line' id='line_1_9' title="bbox 387 939 1829 1033; baseline -0.009 -15"><span class='ocrx_word' id='word_1_50' title='bbox 387 965 529 1024; x_wconf 77' lang='lat' dir='ltr'>Bate,</span> <span class='ocrx_word' id='word_1_51' title='bbox 574 960 794 1033; x_wconf 81' lang='lat' dir='ltr'>Longari</span> <span class='ocrx_word' id='word_1_52' title='bbox 824 956 966 1011; x_wconf 79' lang='lat' dir='ltr'>filius.</span> <span class='ocrx_word' id='word_1_53' title='bbox 1049 953 1239 1007; x_wconf 83' lang='lat' dir='ltr'>Bellum</span> <span class='ocrx_word' id='word_1_54' title='bbox 1274 952 1364 1006; x_wconf 89' lang='lat' dir='ltr'>suo</span> <span class='ocrx_word' id='word_1_55' title='bbox 1387 953 1599 1004; x_wconf 86' lang='lat' dir='ltr'>nornine</span> <span class='ocrx_word' id='word_1_56' title='bbox 1626 939 1829 1025; x_wconf 66' lang='lat' dir='ltr'>Longar-</span> 
     </span>
     <span class='ocr_line' id='line_1_10' title="bbox 383 1029 1833 1108; baseline -0.011 -9"><span class='ocrx_word' id='word_1_57' title='bbox 383 1063 467 1099; x_wconf 82' lang='lat' dir='ltr'>:rus</span> <span class='ocrx_word' id='word_1_58' title='bbox 516 1060 638 1098; x_wconf 89' lang='lat' dir='ltr'>cum</span> <span class='ocrx_word' id='word_1_59' title='bbox 683 1037 948 1095; x_wconf 82' lang='lat' dir='ltr'>Demetrio</span> <span class='ocrx_word' id='word_1_60' title='bbox 991 1034 1205 1108; x_wconf 86' lang='lat' dir='ltr'>Philippi</span> <span class='ocrx_word' id='word_1_61' title='bbox 1230 1048 1366 1107; x_wconf 83' lang='lat' dir='ltr'>patre</span> <span class='ocrx_word' id='word_1_62' title='bbox 1395 1034 1613 1107; x_wconf 83' lang='lat' dir='ltr'>gefferat.</span> <span class='ocrx_word' id='word_1_63' title='bbox 1685 1029 1833 1085; x_wconf 82' lang='lat' dir='ltr'>Polli-</span> 
     </span>
     <span class='ocr_line' id='line_1_11' title="bbox 385 1114 1831 1189; baseline -0.008 -10"><span class='ocrx_word' id='word_1_64' title='bbox 385 1123 609 1180; x_wconf 83' lang='lat' dir='ltr'>centibus</span> <span class='ocrx_word' id='word_1_65' title='bbox 646 1119 819 1175; x_wconf 80' lang='lat' dir='ltr'>auxilia</span> <span class='ocrx_word' id='word_1_66' title='bbox 860 1116 1113 1189; x_wconf 83' lang='lat' dir='ltr'>respondit</span> <span class='ocrx_word' id='word_1_67' title='bbox 1142 1114 1330 1175; x_wconf 87' lang='lat' dir='ltr'>consul,</span> <span class='ocrx_word' id='word_1_68' title='bbox 1386 1114 1741 1167; x_wconf 85' lang='lat' dir='ltr'>Dardanorum</span> <span class='ocrx_word' id='word_1_69' title='bbox 1774 1114 1831 1167; x_wconf 84' lang='lat'>&amp;</span> 
     </span>
     <span class='ocr_line' id='line_1_12' title="bbox 385 1192 1832 1276; baseline -0.01 -18"><span class='ocrx_word' id='word_1_70' title='bbox 385 1203 596 1259; x_wconf 78' lang='lat' dir='ltr'>Pleurati</span> <span class='ocrx_word' id='word_1_71' title='bbox 636 1218 808 1276; x_wconf 84' lang='lat' dir='ltr'>opera,</span> <span class='ocrx_word' id='word_1_72' title='bbox 861 1216 1026 1271; x_wconf 84' lang='lat' dir='ltr'>quum</span> <span class='ocrx_word' id='word_1_73' title='bbox 1071 1196 1345 1252; x_wconf 81' lang='lat' dir='ltr'>exercitum</span> <span class='ocrx_word' id='word_1_74' title='bbox 1388 1195 1441 1247; x_wconf 87' lang='lat' dir='ltr'>in</span> <span class='ocrx_word' id='word_1_75' title='bbox 1474 1192 1832 1249; x_wconf 80' lang='lat' dir='ltr'>Macedoniarn</span> 
     </span>
     <span class='ocr_line' id='line_1_13' title="bbox 386 1272 1835 1351; baseline -0.01 -12"><span class='ocrx_word' id='word_1_76' title='bbox 386 1286 660 1344; x_wconf 85' lang='lat' dir='ltr'>induceret,</span> <span class='ocrx_word' id='word_1_77' title='bbox 695 1282 742 1336; x_wconf 89' lang='lat' dir='ltr'>se</span> <span class='ocrx_word' id='word_1_78' title='bbox 768 1279 994 1335; x_wconf 81' lang='lat' dir='ltr'>usurum.</span> <span class='ocrx_word' id='word_1_79' title='bbox 1075 1275 1406 1351; x_wconf 86' lang='lat' dir='ltr'>Amynandro</span> <span class='ocrx_word' id='word_1_80' title='bbox 1437 1274 1632 1328; x_wconf 86' lang='lat' dir='ltr'>AEtolos</span> <span class='ocrx_word' id='word_1_81' title='bbox 1658 1272 1835 1328; x_wconf 83' lang='lat' dir='ltr'>conci-</span> 
     </span>
     <span class='ocr_line' id='line_1_14' title="bbox 384 1351 1833 1429; baseline -0.012 -7"><span class='ocrx_word' id='word_1_82' title='bbox 384 1367 564 1422; x_wconf 84' lang='lat' dir='ltr'>tandos</span> <span class='ocrx_word' id='word_1_83' title='bbox 590 1365 651 1419; x_wconf 87' lang='lat' dir='ltr'>ad</span> <span class='ocrx_word' id='word_1_84' title='bbox 685 1359 867 1417; x_wconf 79' lang='lat' dir='ltr'>bellum</span> <span class='ocrx_word' id='word_1_85' title='bbox 894 1358 1139 1415; x_wconf 76' lang='lat' dir='ltr'><strong>attribuit.</strong></span> <span class='ocrx_word' id='word_1_86' title='bbox 1219 1351 1365 1412; x_wconf 86' lang='lat' dir='ltr'>Attali</span> <span class='ocrx_word' id='word_1_87' title='bbox 1391 1354 1562 1429; x_wconf 85' lang='lat' dir='ltr'>legatis</span> <span class='ocrx_word' id='word_1_88' title='bbox 1606 1360 1631 1427; x_wconf 87' lang='lat'><em>(</em></span> <span class='ocrx_word' id='word_1_89' title='bbox 1635 1373 1755 1408; x_wconf 89' lang='lat' dir='ltr'>nam</span> <span class='ocrx_word' id='word_1_90' title='bbox 1796 1352 1833 1406; x_wconf 82' lang='lat' dir='ltr'>ii</span> 
     </span>
     <span class='ocr_line' id='line_1_15' title="bbox 384 1433 1851 1521; baseline -0.011 -18"><span class='ocrx_word' id='word_1_91' title='bbox 384 1464 590 1521; x_wconf 90' lang='lat' dir='ltr'>quoque</span> <span class='ocrx_word' id='word_1_92' title='bbox 622 1463 706 1517; x_wconf 85' lang='lat' dir='ltr'>per</span> <span class='ocrx_word' id='word_1_93' title='bbox 731 1443 781 1497; x_wconf 86' lang='lat' dir='ltr'>id</span> <span class='ocrx_word' id='word_1_94' title='bbox 814 1455 1018 1513; x_wconf 81' lang='lat' dir='ltr'>ternpus</span> <span class='ocrx_word' id='word_1_95' title='bbox 1055 1443 1312 1509; x_wconf 82' lang='lat' dir='ltr'>venerant)</span> <span class='ocrx_word' id='word_1_96' title='bbox 1340 1437 1558 1498; x_wconf 86' lang='lat' dir='ltr'>mandat,</span> <span class='ocrx_word' id='word_1_97' title='bbox 1597 1449 1656 1489; x_wconf 90' lang='lat' dir='ltr'>ut</span> <span class='ocrx_word' id='word_1_98' title='bbox 1686 1433 1851 1509; x_wconf 57' lang='lat' dir='ltr'>fligi--</span> 
     </span>
     <span class='ocr_line' id='line_1_16' title="bbox 385 1519 1831 1588; baseline -0.01 -7"><span class='ocrx_word' id='word_1_99' title='bbox 385 1547 467 1583; x_wconf 80' lang='lat' dir='ltr'>11ae</span> <span class='ocrx_word' id='word_1_100' title='bbox 489 1547 592 1588; x_wconf 84' lang='lat' dir='ltr'>rex,</span> <span class='ocrx_word' id='word_1_101' title='bbox 636 1526 719 1579; x_wconf 86' lang='lat' dir='ltr'>ubi</span> <span class='ocrx_word' id='word_1_102' title='bbox 750 1520 1057 1582; x_wconf 71' lang='lat' dir='ltr'>hibernabat,</span> <span class='ocrx_word' id='word_1_103' title='bbox 1095 1519 1291 1575; x_wconf 87' lang='lat' dir='ltr'>classem</span> <span class='ocrx_word' id='word_1_104' title='bbox 1333 1522 1631 1573; x_wconf 76' lang='lat' dir='ltr'>Romanam</span> <span class='ocrx_word' id='word_1_105' title='bbox 1667 1534 1831 1588; x_wconf 70' lang='lat' dir='ltr'>oppe-</span> 
     </span>
     <span class='ocr_line' id='line_1_17' title="bbox 382 1592 1832 1680; baseline -0.01 -17"><span class='ocrx_word' id='word_1_106' title='bbox 382 1609 580 1663; x_wconf 80' lang='lat' dir='ltr'>riretur.</span> <span class='ocrx_word' id='word_1_107' title='bbox 615 1625 713 1680; x_wconf 87' lang='lat' dir='ltr'>qua</span> <span class='ocrx_word' id='word_1_108' title='bbox 750 1601 1004 1675; x_wconf 56' lang='lat' dir='ltr'>adjunotffi</span> <span class='ocrx_word' id='word_1_109' title='bbox 1058 1600 1185 1656; x_wconf 90' lang='lat' dir='ltr'>bello</span> <span class='ocrx_word' id='word_1_110' title='bbox 1213 1601 1489 1659; x_wconf 88' lang='lat' dir='ltr'>maritim0‚</span> <span class='ocrx_word' id='word_1_111' title='bbox 1544 1599 1671 1652; x_wconf 77' lang='lat' dir='ltr'>sicut</span> <span class='ocrx_word' id='word_1_112' title='bbox 1698 1592 1832 1656; x_wconf 66' lang='lat' dir='ltr'>ante,</span> 
     </span>
     <span class='ocr_line' id='line_1_18' title="bbox 384 1676 1831 1764; baseline -0.012 -19"><span class='ocrx_word' id='word_1_113' title='bbox 384 1690 675 1764; x_wconf 81' lang='lat' dir='ltr'>Philippum</span> <span class='ocrx_word' id='word_1_114' title='bbox 704 1698 918 1760; x_wconf 84' lang='lat' dir='ltr'>urgeret.</span> <span class='ocrx_word' id='word_1_115' title='bbox 999 1683 1075 1736; x_wconf 81' lang='lat' dir='ltr'>Ad</span> <span class='ocrx_word' id='word_1_116' title='bbox 1115 1681 1345 1737; x_wconf 86' lang='lat' dir='ltr'>Rhodios</span> <span class='ocrx_word' id='word_1_117' title='bbox 1369 1695 1572 1752; x_wconf 79' lang='lat' dir='ltr'>quoque</span> <span class='ocrx_word' id='word_1_118' title='bbox 1605 1676 1737 1730; x_wconf 86' lang='lat' dir='ltr'>miffi</span> <span class='ocrx_word' id='word_1_119' title='bbox 1763 1677 1831 1729; x_wconf 74' lang='lat' dir='ltr'>le-‘</span> 
     </span>
     <span class='ocr_line' id='line_1_19' title="bbox 385 1757 1832 1847; baseline -0.011 -21"><span class='ocrx_word' id='word_1_120' title='bbox 385 1771 510 1847; x_wconf 85' lang='lat' dir='ltr'>gati,</span> <span class='ocrx_word' id='word_1_121' title='bbox 548 1785 604 1825; x_wconf 88' lang='lat' dir='ltr'>ut</span> <span class='ocrx_word' id='word_1_122' title='bbox 641 1767 944 1842; x_wconf 80' lang='lat' dir='ltr'>capefferent</span> <span class='ocrx_word' id='word_1_123' title='bbox 970 1777 1166 1836; x_wconf 85' lang='lat' dir='ltr'>partem</span> <span class='ocrx_word' id='word_1_124' title='bbox 1202 1761 1326 1819; x_wconf 87' lang='lat' dir='ltr'>belli.</span> <span class='ocrx_word' id='word_1_125' title='bbox 1422 1763 1533 1814; x_wconf 88' lang='lat' dir='ltr'>Nec</span> <span class='ocrx_word' id='word_1_126' title='bbox 1574 1757 1832 1832; x_wconf 84' lang='lat' dir='ltr'>Philippus</span> 
     </span>
     <span class='ocr_line' id='line_1_20' title="bbox 386 1841 1833 1928; baseline -0.012 -21"><span class='ocrx_word' id='word_1_127' title='bbox 386 1850 581 1928; x_wconf 70' lang='lat' dir='ltr'>segnius</span> <span class='ocrx_word' id='word_1_128' title='bbox 608 1850 737 1922; x_wconf 84' lang='lat' dir='ltr'>(jam</span> <span class='ocrx_word' id='word_1_129' title='bbox 766 1850 904 1902; x_wconf 86' lang='lat' dir='ltr'>enim</span> <span class='ocrx_word' id='word_1_130' title='bbox 935 1847 986 1899; x_wconf 89' lang='lat' dir='ltr'>in</span> <span class='ocrx_word' id='word_1_131' title='bbox 1019 1843 1377 1900; x_wconf 87' lang='lat' dir='ltr'>Macedoniam</span> <span class='ocrx_word' id='word_1_132' title='bbox 1407 1841 1717 1915; x_wconf 77' lang='lat' dir='ltr'>pervenerat)</span> <span class='ocrx_word' id='word_1_133' title='bbox 1746 1859 1833 1912; x_wconf 87' lang='lat' dir='ltr'>ap-</span> 
     </span>
     <span class='ocr_line' id='line_1_21' title="bbox 381 1920 1830 2009; baseline -0.013 -18"><span class='ocrx_word' id='word_1_134' title='bbox 381 1934 584 2009; x_wconf 83' lang='lat' dir='ltr'>parabat</span> <span class='ocrx_word' id='word_1_135' title='bbox 622 1930 821 1985; x_wconf 88' lang='lat' dir='ltr'>bellum.</span> <span class='ocrx_word' id='word_1_136' title='bbox 927 1924 1111 1980; x_wconf 81' lang='lat' dir='ltr'>Filium</span> <span class='ocrx_word' id='word_1_137' title='bbox 1155 1924 1348 1985; x_wconf 65' lang='lat' dir='ltr'>Perstat,</span> <span class='ocrx_word' id='word_1_138' title='bbox 1399 1940 1612 1995; x_wconf 85' lang='lat' dir='ltr'>puerum</span> <span class='ocrx_word' id='word_1_139' title='bbox 1651 1920 1830 1974; x_wconf 86' lang='lat' dir='ltr'>admo-</span> 
     </span>
     <span class='ocr_line' id='line_1_22' title="bbox 385 2001 1833 2076; baseline -0.012 -5"><span class='ocrx_word' id='word_1_140' title='bbox 385 2015 532 2076; x_wconf 86' lang='lat' dir='ltr'>dum,</span> <span class='ocrx_word' id='word_1_141' title='bbox 570 2013 693 2068; x_wconf 86' lang='lat' dir='ltr'>datis</span> <span class='ocrx_word' id='word_1_142' title='bbox 725 2029 785 2065; x_wconf 85' lang='lat' dir='ltr'>ex</span> <span class='ocrx_word' id='word_1_143' title='bbox 818 2009 1108 2064; x_wconf 88' lang='lat' dir='ltr'>amicorum</span> <span class='ocrx_word' id='word_1_144' title='bbox 1138 2023 1356 2068; x_wconf 82' lang='lat' dir='ltr'>numero</span> <span class='ocrx_word' id='word_1_145' title='bbox 1378 2004 1466 2076; x_wconf 83' lang='lat' dir='ltr'>qui</span> <span class='ocrx_word' id='word_1_146' title='bbox 1494 2016 1693 2058; x_wconf 78' lang='lat' dir='ltr'>aetatem</span> <span class='ocrx_word' id='word_1_147' title='bbox 1724 2001 1833 2072; x_wconf 83' lang='lat' dir='ltr'>ejus</span> 
     </span>
     <span class='ocr_line' id='line_1_23' title="bbox 384 2082 1831 2174; baseline -0.012 -22"><span class='ocrx_word' id='word_1_148' title='bbox 384 2110 628 2174; x_wconf 87' lang='lat' dir='ltr'>regerent,</span> <span class='ocrx_word' id='word_1_149' title='bbox 667 2110 786 2148; x_wconf 87' lang='lat' dir='ltr'>cum</span> <span class='ocrx_word' id='word_1_150' title='bbox 813 2103 947 2163; x_wconf 87' lang='lat' dir='ltr'>parte</span> <span class='ocrx_word' id='word_1_151' title='bbox 974 2086 1238 2159; x_wconf 80' lang='lat' dir='ltr'>copiarum</span> <span class='ocrx_word' id='word_1_152' title='bbox 1270 2085 1328 2138; x_wconf 87' lang='lat' dir='ltr'>ad</span> <span class='ocrx_word' id='word_1_153' title='bbox 1354 2082 1642 2138; x_wconf 84' lang='lat' dir='ltr'>obfidendas</span> <span class='ocrx_word' id='word_1_154' title='bbox 1671 2100 1831 2157; x_wconf 83' lang='lat' dir='ltr'>angu-</span> 
     </span>
     <span class='ocr_line' id='line_1_24' title="bbox 384 2163 1828 2250; baseline -0.012 -17"><span class='ocrx_word' id='word_1_155' title='bbox 384 2176 499 2236; x_wconf 81' lang='lat' dir='ltr'>stias</span> <span class='ocrx_word' id='word_1_156' title='bbox 523 2195 638 2250; x_wconf 82' lang='lat' dir='ltr'>quae</span> <span class='ocrx_word' id='word_1_157' title='bbox 666 2173 726 2227; x_wconf 89' lang='lat' dir='ltr'>ad</span> <span class='ocrx_word' id='word_1_158' title='bbox 759 2168 1080 2245; x_wconf 84' lang='lat' dir='ltr'>Pelagoniam</span> <span class='ocrx_word' id='word_1_159' title='bbox 1117 2165 1249 2226; x_wconf 86' lang='lat' dir='ltr'>sunt,</span> <span class='ocrx_word' id='word_1_160' title='bbox 1307 2163 1482 2218; x_wconf 85' lang='lat' dir='ltr'>mittit.</span> <span class='ocrx_word' id='word_1_161' title='bbox 1564 2163 1828 2218; x_wconf 85' lang='lat' dir='ltr'>Sciathum</span> 
     </span>
     <span class='ocr_line' id='line_1_25' title="bbox 386 2243 1831 2330; baseline -0.012 -17"><span class='ocrx_word' id='word_1_162' title='bbox 386 2262 441 2316; x_wconf 83' lang='lat'>&amp;</span> <span class='ocrx_word' id='word_1_163' title='bbox 474 2254 824 2330; x_wconf 81' lang='lat' dir='ltr'>Peparethum,</span> <span class='ocrx_word' id='word_1_164' title='bbox 870 2250 998 2304; x_wconf 77' lang='lat' dir='ltr'>haud</span> <span class='ocrx_word' id='word_1_165' title='bbox 1019 2245 1259 2322; x_wconf 86' lang='lat' dir='ltr'>ignobiles</span> <span class='ocrx_word' id='word_1_166' title='bbox 1287 2246 1444 2304; x_wconf 87' lang='lat' dir='ltr'>urbes,</span> <span class='ocrx_word' id='word_1_167' title='bbox 1484 2263 1548 2299; x_wconf 88' lang='lat' dir='ltr'>ne</span> <span class='ocrx_word' id='word_1_168' title='bbox 1577 2243 1708 2298; x_wconf 84' lang='lat' dir='ltr'>claffi</span> <span class='ocrx_word' id='word_1_169' title='bbox 1735 2243 1831 2297; x_wconf 88' lang='lat' dir='ltr'>ho-</span> 
     </span>
     <span class='ocr_line' id='line_1_26' title="bbox 385 2324 1832 2411; baseline -0.013 -16"><span class='ocrx_word' id='word_1_170' title='bbox 385 2339 540 2395; x_wconf 86' lang='lat' dir='ltr'>stium</span> <span class='ocrx_word' id='word_1_171' title='bbox 572 2336 750 2411; x_wconf 78' lang='lat' dir='ltr'>praedae</span> <span class='ocrx_word' id='word_1_172' title='bbox 778 2351 836 2387; x_wconf 85' lang='lat' dir='ltr'>ac</span> <span class='ocrx_word' id='word_1_173' title='bbox 873 2332 1087 2405; x_wconf 74' lang='lat' dir='ltr'>praemio</span> <span class='ocrx_word' id='word_1_174' title='bbox 1124 2328 1295 2388; x_wconf 75' lang='lat' dir='ltr'>essent,</span> <span class='ocrx_word' id='word_1_175' title='bbox 1332 2327 1497 2381; x_wconf 76' lang='lat' dir='ltr'>diruit.</span> <span class='ocrx_word' id='word_1_176' title='bbox 1574 2324 1650 2379; x_wconf 88' lang='lat' dir='ltr'>Ad</span> <span class='ocrx_word' id='word_1_177' title='bbox 1683 2328 1832 2378; x_wconf 81' lang='lat' dir='ltr'>AEto-</span> 
     </span>
     <span class='ocr_line' id='line_1_27' title="bbox 383 2408 1829 2491; baseline -0.01 -16"><span class='ocrx_word' id='word_1_178' title='bbox 383 2420 459 2476; x_wconf 84' lang='lat' dir='ltr'>los</span> <span class='ocrx_word' id='word_1_179' title='bbox 487 2418 645 2474; x_wconf 87' lang='lat' dir='ltr'>mittit</span> <span class='ocrx_word' id='word_1_180' title='bbox 668 2416 874 2491; x_wconf 66' lang='lat' dir='ltr'>legator,</span> <span class='ocrx_word' id='word_1_181' title='bbox 916 2432 979 2466; x_wconf 85' lang='lat' dir='ltr'>ne</span> <span class='ocrx_word' id='word_1_182' title='bbox 1004 2428 1127 2486; x_wconf 87' lang='lat' dir='ltr'>gens</span> <span class='ocrx_word' id='word_1_183' title='bbox 1145 2408 1363 2481; x_wconf 82' lang='lat' dir='ltr'>inquieta</span> <span class='ocrx_word' id='word_1_184' title='bbox 1385 2408 1602 2463; x_wconf 83' lang='lat' dir='ltr'>adventu</span> <span class='ocrx_word' id='word_1_185' title='bbox 1630 2410 1829 2462; x_wconf 83' lang='lat' dir='ltr'>Roma-</span> 
     </span>
     <span class='ocr_line' id='line_1_28' title="bbox 383 2493 1451 2556; baseline -0.017 0"><span class='ocrx_word' id='word_1_186' title='bbox 383 2519 571 2556; x_wconf 82' lang='lat' dir='ltr'>norum</span> <span class='ocrx_word' id='word_1_187' title='bbox 606 2498 759 2553; x_wconf 84' lang='lat' dir='ltr'>fidem</span> <span class='ocrx_word' id='word_1_188' title='bbox 787 2505 1020 2548; x_wconf 86' lang='lat' dir='ltr'>mutaret.</span> <span class='ocrx_word' id='word_1_189' title='bbox 1449 2493 1451 2500; x_wconf 83' lang='grc'><em>’</em></span> 
     </span>
    </p>

    <p class='ocr_par' dir='ltr' id='par_1_4' title="bbox 312 2566 1841 3116">
     <span class='ocr_line' id='line_1_29' title="bbox 462 2566 1831 2648; baseline -0.012 -10"><span class='ocrx_word' id='word_1_190' title='bbox 462 2582 666 2641; x_wconf 81' lang='lat' dir='ltr'>XXIX,</span> <span class='ocrx_word' id='word_1_191' title='bbox 712 2573 1010 2631; x_wconf 81' lang='lat' dir='ltr'>Concilium</span> <span class='ocrx_word' id='word_1_192' title='bbox 1036 2568 1327 2626; x_wconf 83' lang='lat' dir='ltr'>AEtolorum</span> <span class='ocrx_word' id='word_1_193' title='bbox 1357 2571 1536 2624; x_wconf 84' lang='lat' dir='ltr'>statuta</span> <span class='ocrx_word' id='word_1_194' title='bbox 1553 2568 1645 2630; x_wconf 83' lang='lat' dir='ltr'>die,</span> <span class='ocrx_word' id='word_1_195' title='bbox 1691 2566 1831 2648; x_wconf 68' lang='lat' dir='ltr'>quod</span> 
     </span>
     <span class='ocr_line' id='line_1_30' title="bbox 384 2650 1831 2719; baseline -0.009 -1"><span class='ocrx_word' id='word_1_196' title='bbox 384 2661 721 2719; x_wconf 78' lang='lat' dir='ltr'>Panaetolium</span> <span class='ocrx_word' id='word_1_197' title='bbox 761 2670 966 2716; x_wconf 85' lang='lat' dir='ltr'>vocant,</span> <span class='ocrx_word' id='word_1_198' title='bbox 1022 2654 1255 2710; x_wconf 86' lang='lat' dir='ltr'>futurum</span> <span class='ocrx_word' id='word_1_199' title='bbox 1291 2666 1422 2713; x_wconf 46' lang='lat' dir='ltr'>erat«</span> <span class='ocrx_word' id='word_1_200' title='bbox 1492 2650 1626 2705; x_wconf 85' lang='lat' dir='ltr'>Huic</span> <span class='ocrx_word' id='word_1_201' title='bbox 1651 2664 1708 2705; x_wconf 85' lang='lat' dir='ltr'>ut</span> <span class='ocrx_word' id='word_1_202' title='bbox 1737 2668 1831 2705; x_wconf 86' lang='lat' dir='ltr'>oc—</span> 
     </span>
     <span class='ocr_line' id='line_1_31' title="bbox 383 2730 1830 2816; baseline -0.01 -17"><span class='ocrx_word' id='word_1_203' title='bbox 383 2742 652 2803; x_wconf 71' lang='lat' dir='ltr'>currerent,</span> <span class='ocrx_word' id='word_1_204' title='bbox 705 2745 764 2797; x_wconf 77' lang='lat'>&amp;</span> <span class='ocrx_word' id='word_1_205' title='bbox 809 2738 954 2816; x_wconf 79' lang='lat' dir='ltr'>legati</span> <span class='ocrx_word' id='word_1_206' title='bbox 987 2736 1118 2811; x_wconf 81' lang='lat' dir='ltr'>regis</span> <span class='ocrx_word' id='word_1_207' title='bbox 1157 2736 1250 2789; x_wconf 84' lang='lat' dir='ltr'>iter</span> <span class='ocrx_word' id='word_1_208' title='bbox 1288 2730 1635 2793; x_wconf 63' lang='lat' dir='ltr'>accelerarunt,</span> <span class='ocrx_word' id='word_1_209' title='bbox 1677 2735 1729 2787; x_wconf 84' lang='lat'>&amp;</span> <span class='ocrx_word' id='word_1_210' title='bbox 1766 2730 1830 2786; x_wconf 87' lang='lat' dir='ltr'>ab</span> 
     </span>
     <span class='ocr_line' id='line_1_32' title="bbox 384 2812 1841 2888; baseline -0.01 -8"><span class='ocrx_word' id='word_1_211' title='bbox 384 2820 587 2883; x_wconf 86' lang='lat' dir='ltr'>consule</span> <span class='ocrx_word' id='word_1_212' title='bbox 634 2821 806 2876; x_wconf 85' lang='lat' dir='ltr'>miffus</span> <span class='ocrx_word' id='word_1_213' title='bbox 853 2824 913 2876; x_wconf 83' lang='lat' dir='ltr'>L.</span> <span class='ocrx_word' id='word_1_214' title='bbox 952 2819 1128 2872; x_wconf 84' lang='lat' dir='ltr'>Furius</span> <span class='ocrx_word' id='word_1_215' title='bbox 1158 2819 1418 2888; x_wconf 78' lang='lat' dir='ltr'>Purpureo</span> <span class='ocrx_word' id='word_1_216' title='bbox 1458 2812 1648 2887; x_wconf 81' lang='lat' dir='ltr'>legatus</span> <span class='ocrx_word' id='word_1_217' title='bbox 1674 2813 1841 2870; x_wconf 67' lang='lat' dir='ltr'>veni-t:</span> 
     </span>
     <span class='ocr_line' id='line_1_33' title="bbox 380 2893 1831 2975; baseline -0.012 -12"><span class='ocrx_word' id='word_1_218' title='bbox 380 2903 765 2964; x_wconf 78' lang='lat' dir='ltr'>Atheniensium</span> <span class='ocrx_word' id='word_1_219' title='bbox 794 2919 998 2975; x_wconf 79' lang='lat' dir='ltr'>quoque</span> <span class='ocrx_word' id='word_1_220' title='bbox 1017 2898 1164 2974; x_wconf 83' lang='lat' dir='ltr'>legati</span> <span class='ocrx_word' id='word_1_221' title='bbox 1192 2896 1251 2951; x_wconf 87' lang='lat' dir='ltr'>ad</span> <span class='ocrx_word' id='word_1_222' title='bbox 1280 2896 1337 2950; x_wconf 82' lang='lat' dir='ltr'>id·</span> <span class='ocrx_word' id='word_1_223' title='bbox 1349 2893 1623 2950; x_wconf 87' lang='lat' dir='ltr'>concilium</span> <span class='ocrx_word' id='word_1_224' title='bbox 1644 2912 1831 2949; x_wconf 78' lang='lat' dir='ltr'>occur-</span> 
     </span>
     <span class='ocr_line' id='line_1_34' title="bbox 312 2974 1833 3068; baseline -0.012 -20"><span class='ocrx_word' id='word_1_225' title='bbox 312 2982 321 2992; x_wconf 48' lang='lat'><em>*</em></span> <span class='ocrx_word' id='word_1_226' title='bbox 380 2998 573 3068; x_wconf 49' lang='lat' dir='ltr'>gerunt!</span> <span class='ocrx_word' id='word_1_227' title='bbox 647 2980 836 3043; x_wconf 64' lang='lat' dir='ltr'>Primo</span> <span class='ocrx_word' id='word_1_228' title='bbox 848 2982 1175 3043; x_wconf 76' lang='lat' dir='ltr'>Macedones,</span> <span class='ocrx_word' id='word_1_229' title='bbox 1207 2996 1334 3035; x_wconf 85' lang='lat' dir='ltr'>cum</span> <span class='ocrx_word' id='word_1_230' title='bbox 1355 2975 1534 3053; x_wconf 75' lang='lat' dir='ltr'>quibus</span> <span class='ocrx_word' id='word_1_231' title='bbox 1556 2974 1833 3039; x_wconf 53' lang='lat' dir='ltr'>recentis&amp;</span> 
     </span>
     <span class='ocr_line' id='line_1_35' title="bbox 1671 3074 1826 3116; baseline -0.032 0"><span class='ocrx_word' id='word_1_232' title='bbox 1671 3074 1826 3116; x_wconf 71' lang='lat' dir='ltr'>mum</span> 
     </span>
    </p>
   </div>
  </div>
 </body>
</html>
