2063 3607
321 322 444 386 280
608 340 621 346 “
784 317 872 382 T.
934 317 991 382 L
1029 317 1170 381 I‘V‘
1212 318 1362 380 1*1‘

316 434 528 494 toi-ium,
574 426 878 503 Cenchreqs,
921 424 1315 482 Corinthiorum
1338 418 1652 498 emporium,
1691 438 1778 494 pe-

317 515 522 570 tierunt.
601 507 794 565 Consul
833 509 1039 564 interim
1071 505 1312 583 omnium
1357 501 1444 577 spe
1484 500 1773 576 longiorem

316 595 719 666 atrocioremque
746 589 1192 664 oppugnationem
1216 582 1413 639 habuit:
1474 586 1527 638 ὃς
1554 582 1628 643 ed,
1671 579 1772 656 qu&

316 671 605 729 minimum
641 671 933 731 credidisset,
973 666 1260 723 resistebant
1286 663 1472 720 hostes.
1505 680 1636 717 nam
1656 680 1775 718 om-

318 773 443 810 nem
467 752 689 809 laborem
717 752 769 805 in
795 747 1221 806 murofdiruendo
1247 742 1518 802 crediderat
1542 741 1675 798 fore:
1736 742 1775 799 fi

317 836 513 892 aditum
545 832 827 905 armatis-in
857 828 1048 885 urbem·
1078 824 1396 902 patefeciflet‚
1435 823 1618 900 fugam
1656 823 1774 878 inde

314 915 615 989 eaedemque
642 912 871 968 hostium
901 909 1027 972 fore,
1063 907 1220 983 qualis
1248 906 1406 982 captis
1432 902 1637 960 urbibus
1668 903 1775 959 fieri

317 995 459 1053 solet.
508 990 735 1051 ceterum
769 994 1122 1066 posteaquam,
1191 1001 1330 1063 parte
1368 986 1508 1041 muri
1543 983 1776 1040 arietibus

318 1076 531 1138 decuss‘a,
571 1093 659 1149 per
685 1072 811 1149 ipfirs
837 1074 1004 1127 ruinas
1044 1067 1465 1130 transcenderunt
1493 1066 1547 1121 in
1590 1064 1770 1120 urbem

317 1158 527 1218 armati3
580 1154 696 1210 illud
737 1153 1046 1228 principium
1090 1150 1226 1206 velut
1264 1148 1390 1203 novi
1419 1159 1565 1220 atque
1593 1144 1776 1220 integri

316 1236 496 1292 laboris
528 1235 643 1291 fuit.
695 1252 819 1290 nam
863 1232 1184 1290 Macedones,
1239 1230 1328 1303 qui
1368 1228 1420 1281 in
1457 1225 1684 1301 praefidio
1722 1244 1776 1280 e·

317 1328 432 1372 rant
471 1321 526 1374 ὃῑ
554 1312 704 1374 multi
749 1318 802 1371 &
844 1311 1038 1374 deleffi,
1078 1309 1291 1386 gloriam
1321 1307 1477 1364 etiam
1514 1306 1772 1382 egregiam

317 1399 428 1459 rati,
471 1397 509 1453 fi
537 1397 690 1452 armis
714 1394 881 1470 potius
906 1397 958 1449 &t
988 1393 1190 1452 virtute,
1221 1386 1377 1465 qu‘am
1404 1386 1665 1441 moenibus
1692 1404 1793 1442 ur·-a

319 1479 440 1534 bem
465 1488 737 1538 tuerentur,
777 1474 1011 1536 conferti,
1052 1470 1272 1546 pluribus
1310 1466 1547 1524 introrsus
1588 1466 1776 1523 ordini-

318 1557 413 1614 bus
439 1558 545 1614 acie
570 1558 785 1617 firmata,
825 1554 1014 1630 quum⁸
1033 1550 1373 1609 transcendere
1410 1549 1576 1604 ruinas
1606 1543 1776 1604 sensis·

319 1639 432 1699 fitnt
464 1643 756 1700 Roman05,
794 1654 881 1711 per
905 1634 1212 1708 impeditum
1240 1650 1300 1687 ac
1324 1627 1586 1699 difficilem
1616 1628 1673 1683 ad
1698 1645 1772 1682 re·

321 1733 533 1796 ceptum
574 1719 751 1774 locum
794 1714 1109 1790 expulerunt,
1186 1711 1245 1767 Id
1282 1707 1457 1766 consul
1501 1726 1632 1784 aegre
1666 1705 1774 1781 pas-

318 1798 419 1864 sus,
473 1819 568 1856 nec
597 1817 712 1855 eam
749 1796 1094 1874 ignominiam
1136 1793 1210 1851 ad.
1238 1791 1389 1848 unius
1428 1791 1593 1845 modo
1615 1806 1772 1862 expu-

318 1881 536 1960 gnandae
565 1897 768 1936 moram
810 1877 963 1939 urbis,
1019 1875 1100 1931 sed
1144 1874 1206 1929 ad
1246 1871 1511 1928 summam
1557 1867 1777 1925 universi

320 1960 428 2018 belli
454 1962 698 2037 pertinere
724 1971 879 2021 ratus,
917 1957 1057 2032 quod
1083 1974 1144 2011 ex
1183 1952 1467 2009 momentis
1502 1967 1770 2026 parvarum

319 2042 619 2119 plerumque
639 2057 816 2097 rerum
839 2039 1093 2114 penderet,
1126 2049 1345 2111 purgato
1371 2031 1506 2093 loco,
1544 2031 1632 2104 qui
1654 2031 1780 2084 stra-

320 2143 388 2202 ge
414 2122 643 2179 semiruti
661 2122 798 2178 muri
830 2117 1118 2179 cumulatus
1160 2129 1282 2177 erat,
1327 2113 1510 2170 turrim
1552 2109 1773 2185 ingentis

311 2203 605 2266 altitudinis,
649 2219 900 2278 magnam
929 2200 1040 2256 vim
1068 2210 1381 2255 armatorum
1402 2188 1683 2270 multipiici
1699 2201 1775 2269 t}-

317 2285 487 2342 bulato
513 2296 833 2360 portantem,
867 2281 1155 2355 promovit:
1201 2281 1257 2336 &
1286 2273 1520 2332 cohortes
1549 2271 1774 2326 invicem

315 2362 409 2425 sub
442 2365 614 2443 signis,
665 2383 781 2439 quae
830 2380 1056 2418 cuneum
1109 2357 1475 2420 Macedonum,
1546 2350 1776 2426 (phalan-

319 2465 446 2523 gem
475 2447 568 2523 ipfi
605 2441 821 2508 vocant)
865 2444 902 2498 fi
943 2440 1164 2518 poflent,
1202 2439 1255 2494 vi
1281 2445 1770 2510 perrumperent„e-

316 2527 573 2589 mittebat.
651 2527 746 2582 Sed
781 2524 841 2580 ad
867 2522 979 2580 loca
1007 2522 1232 2597 angusta,
1273 2516 1406 2572 haud
1436 2512 1530 2570 late
1570 2524 1770 2586 patente

316 2607 579 2665 intervallo
613 2606 765 2669 diruti
804 2605 959 2667 muri,
1003 2620 1164 2678 genus
1189 2612 1450 2654 armorum
1482 2611 1768 2669 pugnaeque

316 2687 452 2745 hosti
473 2691 637 2763 aptius
664 2699 786 2744 erat.
824 2684 912 2748 ubi
937 2681 1156 2741 conferti
1195 2679 1357 2735 hastas
1391 2676 1611 2753 ingentis
1654 2673 1767 2729 lon-

315 2768 562 2847 gitudinis
606 2788 708 2843 prae
746 2766 797 2821 se
835 2765 1142 2829 Macedones
1171 2759 1483 2833 objecissent,
1538 2753 1674 2814 velut
1715 2753 1769 2808 in

317 2851 666 2922 constmstam
693 2848 933 2906 densitate
958 2844 1254 2923 clypeorum
1277 2839 1611 2899 testudinem„
1656 2839 1767 2897 RQ-

317 2933 459 2988 mani
509 2929 617 3005 pilis
654 2929 998 3006 nequicquam
1040 2924 1229 2983 emiffis
1265 2940 1432 2999 quum
1470 2916 1770 2977 strinxissent

315 3011 528 3094 gladiosg
571 3031 738 3091 neque
764 3009 1006 3089 congredi
1031 3001 1258 3088 propius,
1306 3020 1471 3087 neque
1498 2997 1766 3139 praeffgte

1717 3094 1768 3137 as

1606 3152 1710 3161 ἓ...-
