2063 3607
573 279 631 344 L
673 281 700 344 1
746 279 794 343 Β
836 279 887 344 E
933 281 989 346 R
1073 282 1402 353 xxxtv.
1616 291 1737 377 385

285 389 357 444 cis
383 387 586 446 Iberum
619 388 849 464 Hispanis
879 392 1085 451 ademit.
1123 413 1282 468 quam
1316 418 1425 455 rem
1463 400 1587 457 adeo
1613 422 1743 481 aegre

281 470 427 540 paffi,
464 484 522 526 ut
548 469 695 525 multi
726 484 949 529 mortem
979 473 1180 532 sibimet
1204 479 1319 552 ipsis
1349 480 1741 541 consciscerent:

285 549 431 604 ferox
482 569 647 626 genus
694 551 881 608 nullam
928 557 1086 612 vitam
1132 561 1222 614 rati
1277 561 1379 616 fine
1424 565 1577 620 armis
1627 565 1741 622 esse.

281 631 443 704 Qiod
484 631 567 687 ubi
599 633 788 690 consuli
827 638 1180 694 renunciatum
1224 641 1312 702 est,
1343 642 1594 702 senatores
1623 666 1743 702 om·-

284 711 435 766 nium
474 714 739 769 civitatum
770 715 828 769 ad
857 714 906 770 se
932 718 1104 774 vocari
1138 720 1298 792 juffit‚
1337 737 1487 798 atque
1513 727 1592 791 iis,
1630 737 1741 784 Non

284 792 457 863 nestra,
492 793 675 867 inquit,
719 796 894 867 magis,
929 797 1094 874 quam
1124 802 1282 872 vestm
1319 805 1492 879 refert,
1539 829 1627 864 vos
1651 828 1744 864 non

283 871 528 930 rebellare.
580 874 820 952 stquidem
880 878 934 931 id
981 883 1165 956 maJ'ore
1206 885 1530 957 Hispanorum
1583 892 1714 945 m'alo
1729 928 1746 952 ‚

285 950 448 1029 quam
476 958 717 1009 exercitus
731 960 934 1012 Romani
957 958 1129 1022 labore,
1143 965 1342 1038 semper
1368 967 1526 1023 adhuc
1539 969 1742 1043 fabium

288 1033 366 1105 est.
446 1034 506 1088 Id
526 1050 585 1089 ut
613 1054 672 1090 ne
698 1036 819 1108 fiat,
871 1057 968 1092 uno
994 1042 1131 1096 modo
1157 1043 1368 1101 arbitror
1408 1055 1577 1105 caveri
1610 1054 1745 1128 posse,

280 1113 327 1184 [ἰ
353 1112 571 1190 ffti‘um
597 1117 705 1178 erit,
746 1135 805 1171 ne
822 1121 994 1192 possitis
1034 1119 1280 1182 rebellare.
1360 1129 1462 1183 Volo
1495 1132 1549 1186 id
1575 1135 1740 1207 quam

283 1195 548 1265 mollifflma
575 1198 664 1251 via
688 1199 916 1273 consequi.
972 1221 1061 1255 vos
1100 1222 1290 1280 quoque
1323 1211 1371 1262 in
1399 1227 1455 1264 ea
1478 1230 1533 1265 re
1567 1213 1746 1286 corfilio

286 1292 367 1329 me
406 1275 663 1352 adjuvate.
705 1279 894 1333 nullum
934 1278 1155 1337 libentibs
1174 1288 1382 1363 sequar,
1410 1288 1586 1365 ‘quam
1618 1296 1749 1369 quod

282 1356 471 1429 'vosmet
497 1355 584 1431 ipsi
611 1359 893 1416 attuleritis.
972 1365 1298 1430 Tacentibus,
1334 1368 1554 1444 spatium
1592 1373 1642 1430 se
1680 1375 1741 1431 ad

281 1433 652 1492 deliberandum
691 1439 886 1494 dierum
922 1459 1206 1515 paucorum
1243 1449 1359 1505 dare
1395 1450 1539 1510 dixit.
1574 1473 1742 1531 quum

285 1517 509 1571 revocati
544 1516 766 1573 secundo
797 1539 1003 1595 quoque
1034 1526 1251 1582 concilio
1279 1532 1541 1589 tacuissent
1568 1556 1580 1591 ε
1635 1557 1743 1593 uno

285 1597 366 1651 die
406 1599 567 1653 muris
601 1601 845 1656 omnium
884 1604 1077 1669 dirum,
1134 1608 1193 1662 ad
1224 1628 1329 1673 eos,
1382 1617 1468 1687 qui
1506 1617 1739 1675 nondum

279 1676 538 1752 parebant,
577 1680 854 1754 profe&us‚
897 1700 953 1740 ut
990 1686 1043 1740 in
1079 1706 1338 1766 quamque
1371 1698 1636 1770 regionem
1660 1719 1741 1755 ve-

280 1772 439 1819 nerat,
477 1778 678 1823 omnes,
721 1765 808 1836 qui
838 1762 971 1820 circa
995 1767 1296 1834 incolebant,
1333 1778 1549 1850 populos
1573 1780 1624 1834 in
1655 1782 1743 1836 de-

285 1839 535 1910 ditionem
575 1843 783 1914 accepit,
879 1850 1183 1923 Segesticam
1236 1851 1452 1919 tantum,
1525 1879 1740 1936 gravem

279 1932 433 1993 atque
469 1921 759 1992 opulentam
796 1924 1069 1991 civitatem,
1110 1933 1265 1989 vineis
1299 1939 1352 1991 &
1385 1934 1563 2010 pluteis
1592 1943 1744 2015 cepit.

365 2004 570 2057 XVIII.
629 2008 705 2059 Eo
745 2006 997 2076 majorem
1036 2009 1246 2070 habebat
1285 2015 1633 2078 difficultatem
1683 2024 1738 2082 in

285 2078 567 2156 subigendis
604 2081 847 2148 hostibus,
904 2088 1061 2162 quam
1091 2095 1180 2167 qui
1214 2097 1370 2169 primi
1412 2119 1646 2159 venerant
1683 2106 1738 2161 in

283 2160 578 2235 Hispaniam
611 2184 625 2226 ς
661 2163 796 2237 qubd
834 2168 893 2221 ad
913 2169 1031 2225 *illos
1060 2175 1213 2228 taedio
1249 2177 1452 2250 imperii
1473 2184 1737 2260 Carthagi·

281 2241 528 2297 nienfium
557 2243 759 2318 Hispani
781 2247 1078 2307 deficiebant
1104 2272 1120 2315 ς
1178 2253 1297 2312 huic
1325 2278 1388 2313 ex
1425 2263 1652 2339 usurpata
1678 2266 1738 2321 li·

283 2321 472 2378 bertate
500 2324 551 2378 in
581 2323 871 2383 servitutem
910 2331 1049 2388 velut
1070 2334 1306 2392 afferendi
1335 2359 1471 2400 erant
1496 2368 1509 2400 ε
1572 2351 1626 2402 &
1668 2350 1736 2405 ita

285 2414 435 2458 mota
471 2406 651 2460 omnia
687 2410 896 2481 accepit,
955 2427 1015 2468 ut
1048 2413 1127 2469 alii
1165 2418 1217 2472 in
1251 2422 1406 2478 armis
1444 2426 1618 2490 effent,
1653 2428 1735 2485 alii

281 2482 540 2539 obsidione
573 2486 633 2540 ad
672 2486 1392 2572 defeetionemkogerentur:
1466 2526 1578 2570 nec,
1640 2511 1734 2567 nisi

285 2566 340 2619 in
378 2578 610 2640 tempore
656 2566 958 2629 subventum
1014 2577 1162 2639 foret,
1239 2580 1362 2636 ultra
1416 2584 1734 2646 sustentaturi

286 2645 488 2703 fuerint.
567 2648 658 2702 Sed
686 2649 738 2703 in
763 2653 965 2711 consule
987 2676 1043 2712 ea
1072 2659 1147 2712 vis
1178 2662 1337 2716 animi
1363 2678 1512 2742 atque
1542 2671 1734 2746 ingenii

286 2726 400 2787 fuit,
444 2742 502 2783 ut
534 2730 713 2786 omnia
752 2737 976 2791 maxima
1017 2739 1336 2817 minimaque
1373 2766 1460 2822 per
1504 2749 1553 2805 se
1579 2753 1734 2810 adiret

284 2822 435 2881 atque
474 2823 677 2882 ageret:
748 2832 842 2871 nec
885 2819 1129 2894 cogitaret
1175 2822 1337 2880 modo
1367 2829 1733 2908 imperaretque

287 2902 402 2961 quae
439 2888 492 2943 in
518 2907 626 2945 rem
657 2893 828 2958 ess'ent,
867 2896 946 2954 {ed
980 2899 1212 2978 pleraque
1242 2905 1343 2978 ipse
1369 2927 1458 2982 per
1480 2910 1529 2966 st
1553 2915 1731 2969 tranli-
