2063 3607
362 287 482 371 336
795 273 1351 345 T.L1v11

360 400 431 468 ὠν
466 403 515 455 in
538 407 727 473 tempus
754 392 1039 470 simulatas,
1076 388 1185 464 fine
1214 387 1314 444 ullo
1352 385 1541 462 pignore
1568 384 1821 441 deditiones

345 481 517 557 fndus
543 481 640 555 effi.
719 480 814 533 Hae
848 475 979 529 inter
1004 468 1230 527 consules
1255 465 1579 542 tribunosque
1619 465 1820 521 alterca-

361 561 526 618 tiones
572 560 780 613 biduum
840 566 1126 614 tenuerunt,
1188 550 1413 622 tristique
1461 545 1820 625 perseverantia

361 641 698 699 tribunorum
716 634 943 695 consules
967 633 1231 707 separatim
1252 627 1541 686 retulerunt.

442 723 649 779 XXIII,
693 721 796 775 Cn.
823 713 1066 773 Cornelio
1109 713 1353 768 omniurn
1388 708 1628 766 constnfii
1653 706 1823 766 decre-¹

363 815 447 861 tus
480 799 791 874 triumphus
839 803 893 856 δε
933 795 1208 853 Placentini
1235 790 1700 867 Cremonensesque
1737 790 1823 845 ad-

362 885 595 941 diderunt
628 882 864 937 favorem
904 874 1114 939 consuli,
1175 874 1355 950 gratias
1397 884 1619 948 agentes,
1677 890 1826 927 corn-

364 960 823 1037 memorantesque,
880 958 1140 1015 obsidione
1168 956 1216 1011 se
1258 955 1355 1009 effe
1382 953 1444 1009 ab
1481 971 1544 1008 eo
1581 951 1829 1008 liberatos.

361 1045 623 1121 plerosque
648 1045 822 1105 etiam,
860 1052 1027 1115 quum
1052 1036 1186 1113 apud
1212 1035 1377 1090 hostes
1403 1034 1575 1099 essent,
1592 1033 1831 1089 servitute

367 1141 627 1200 exceptos„
696 1128 778 1193 Q.
809 1121 1087 1181 Minucius,
1125 1129 1313 1173 tentata
1345 1111 1544 1171 tantum
1575 1113 1830 1176 relatione,

363 1225 528 1283 quum
557 1203 825 1263 adversum
851 1214 1070 1257 omnem
1098 1198 1328 1254 {enatum
1357 1196 1561 1258 videret,
1594 1196 1649 1249 in
1672 1212 1830 1249 mon-

364 1301 419 1345 te
446 1286 638 1343 Albano
663 1286 714 1340 se
740 1282 1198 1356 triumphaturum,
1238 1282 1293 1335 &
1320 1277 1435 1349 jure
1467 1274 1667 1350 imperii
1702 1293 1829 1331 con-

366 1367 534 1425 sularis
582 1373 637 1426 &
676 1363 966 1421 multorum
1011 1360 1263 1418 clarorum
1309 1359 1541 1413 virorum
1576 1354 1832 1430 exemplo,

368 1450 514 1507 dixit.
592 1452 694 1504 Cn.
717 1443 980 1503 Cornelius
1009 1443 1073 1499 de
1101 1437 1385 1498 Insubribus
1407 1435 1829 1510 Caeuomanisque

370 1532 426 1586 in
470 1531 765 1606 magistratu
808 1523 1163 1597 triumphavit.
1211 1519 1375 1576 multa
1413 1519 1552 1595 figna
1598 1515 1830 1573 militaria

369 1610 501 1675 tulit,
562 1609 724 1666 multa
749 1606 938 1665 Gallica
964 1604 1119 1679 spolia
1159 1602 1368 1676 captivis
1394 1599 1643 1674 carpentis
1673 1597 1827 1654 trans-

370 1692 523 1749 vexit.
580 1689 731 1746 multi
777 1686 965 1746 nobiles
1014 1683 1145 1741 Galli
1187 1696 1302 1739 ante
1344 1699 1550 1737 currum
1595 1678 1830 1740 traduffi,

370 1775 500 1830 inter
524 1791 654 1848 quos
694 1770 923 1847 quidam,
954 1764 1267 1823 Amilcarem
1314 1762 1501 1818 ducem
1538 1763 1824 1818 Poenorum

370 1855 532 1917 fuifle,
572 1856 820 1910 auetores‘
848 1850 982 1907 sunt.
1063 1846 1305 1904 Ceterum
1333 1844 1504 1920 magis
1541 1844 1596 1899 in
1626 1842 1676 1897 se
1706 1856 1830 1896 con-

367 1937 521 1993 vertit
546 1934 722 1991 oculos
748 1929 1179 1989 Cremonenfium
1205 1926 1715 1998 Placentinorumque
1741 1940 1830 1977 co-

365 2018 610 2075 lonorum
660 2013 800 2078 turba
844 2012 1165 2088 pileatorum,
1236 2025 1445 2065 currum
1496 2004 1830 2080 sequentium,

369 2097 519 2156 Tulit
542 2099 597 2152 in
636 2093 902 2170 triumpho
938 2093 1157 2149 ducenta
1193 2090 1397 2165 triginta
1426 2085 1633 2161 -septem
1677 2083 1831 2140 millia

367 2181 681 2257 quingentos
705 2178 813 2233 aeris
846 2191 864 2246 ;
902 2174 1097 2250 argenti
1121 2172 1275 2247 bigati
1303 2167 1613 2242 septuaginta
1638 2183 1831 2222 novem

367 2260 541 2317 millia.
591 2259 921 2336 septuagenos
960 2255 1069 2310 aeris
1106 2249 1349 2309 militibus
1391 2248 1598 2304 divifit:
1647 2245 1831 2320 duplex

369 2344 544 2420 equiti,
583 2340 763 2416 triplex
792 2336 1095 2395 centurioni.
1173 2338 1247 2408 Q
1266 2331 1525 2387 Minucius
1560 2325 1733 2383 consul
1769 2328 1831 2381 de

369 2420 640 2500 Liguribus
669 2420 907 2495 Bojisque
940 2415 1103 2474 Gallis
1122 2417 1176 2470 in
1212 2423 1396 2468 monte
1434 2409 1626 2468 Albano
1650 2408 1833 2464 trium-

362 2504 558 2580 phavit.
598 2504 640 2557 is
667 2500 977 2574 triumphus,
1020 2510 1077 2552 ut
1108 2495 1244 2557 loco,
1288 2498 1342 2550 ὃ(
1369 2494 1509 2548 fama
1531 2508 1703 2545 rerum
1742 2507 1833 2564 ge·

365 2589 579 2648 starum,
620 2588 674 2640 ὅτ.
716 2577 851 2657 quod
878 2579 1151 2651 sumptum
1176 2593 1283 2632 non
1312 2587 1580 2648 erogatum
1613 2588 1674 2626 ex
1709 2587 1831 2625 aera-

366 2670 446 2724 rio
474 2684 660 2722 omnes
683 2662 920 2723 sciebant,
962 2657 1310 2714 inhonoratior
1345 2654 1441 2710 fuit
1469 2678 1485 2709 .-
1553 2653 1625 2708 ita
1658 2651 1831 2726 figniS,

370 2747 733 2822 carpentisque,
776 2749 831 2804 δι
870 2739 1039 2815 spoliis
1069 2738 1232 2794 ferme
1273 2734 1520 2811 aequabat.
1601 2731 1833 2788 Pecuniae

366 2830 528 2885 etiam
569 2822 731 2902 prope
767 2842 856 2901 par
901 2822 1109 2879 summa
1133 2821 1271 2875 fuit:
1319 2817 1428 2872 aeris
1466 2814 1698 2872 transsata
1738 2813 1833 2867 du-

367 2924 518 2967 centa
546 2913 600 2967 &
635 2906 1000 2983 quinquaginta
1023 2915 1240 2977 quatuor
1267 2897 1421 2955 millia
1446 2918 1460 2952 2
1515 2894 1710 2972 argenti
1758 2891 1833 2947 bi·

365 2993 473 3070 gati
501 2988 870 3068 qu‘mquaginta
891 2984 990 3045 tria
1015 2982 1188 3048 millia,
1225 2986 1278 3042 bc
1297 2978 1531 3052 {lucenti
1587 2971 1834 3032 militibus

685 3091 719 3126 2
1712 3066 1829 3110 ’‘liu-
