2063 3607
1595 150 1619 161 f

509 251 570 315 L
611 250 639 313 Ι
684 247 734 311 Β
770 244 826 311 E
868 246 930 310 R
1011 241 1334 309 XXX111.
1521 265 1636 331 333

272 354 401 410 XX
440 350 605 406 Multa
642 349 843 424 egregia
870 343 1082 407 Rhodii,
1133 364 1227 420 pro
1251 344 1367 401 fide
1400 363 1520 423 erga
1551 367 1648 421 po·
1676 368 1685 375 ⁸

190 433 381 508 pulum
405 437 726 492 Romanum,
766 445 959 503 proque
993 425 1225 488 universo
1254 426 1470 485 nomine
1504 432 1649 485 Grae-

195 532 401 576 corum,
425 527 551 568 terra
581 511 813 584 marique
837 508 940 564 ausi
964 507 1117 564 sunt.
1161 506 1290 563 nihil
1314 508 1652 584 magnificen-

194 597 312 656 tius,
350 611 506 668 quam
540 587 678 666 quod
719 608 778 645 ea
816 588 1132 663 tempestate,
1182 607 1288 646 non
1325 590 1483 645 territi
1516 602 1654 647 tanta

195 671 333 732 mole
359 673 677 730 imminentis
701 668 827 734 belli,
872 668 1068 747 legatos
1092 668 1152 725 ad
1186 687 1362 746 regem
1395 667 1658 735 miserunt,

202 753 499 828 Nephelida‚
545 752 987 828 (promontorium
1031 749 1223 808 Ciliciae
1260 752 1351 813 est,
1395 748 1654 826 inclytum

194 832 394 890 foedere
420 836 630 909 antiquo
665 831 1071 902 Atheniensium)
1124 831 1163 888 fi
1189 850 1254 888 eo
1285 849 1395 887 non
1421 833 1652 888 eontine-

196 927 275 971 ret
318 916 488 990 copias
528 914 650 976 suaa
705 911 754 966 fi:
789 912 994 968 obviam
1028 913 1190 967 ituros
1219 934 1234 976 ;
1296 930 1402 967 non
1430 910 1491 967 ab
1531 913 1655 968 odio

200 994 321 1059 uuo,
358 995 439 1052 sed
470 1014 534 1050 ne
562 994 817 1069 conjungi
844 1011 966 1049 cum
996 991 1229 1067 Philippo
1252 1006 1555 1066 paterentur,
1599 998 1656 1052 δε

202 1078 577 1152 impedimento
610 1074 706 1130 effi:
748 1074 1000 1130 Romanis
1035 1072 1350 1130 liberantibus
1385 1075 1662 1133 Graeciam.

200 1158 532 1217 Coracefium
558 1175 622 1212 eo
650 1169 886 1230 tempore
914 1154 1198 1211 Antiochus
1222 1152 1459 1228 operibus
1496 1174 1664 1230 oppu-

194 1238 429 1315 gnabat:
483 1236 762 1312 Zephyr10‚
813 1240 866 1292 ὃς
897 1232 1044 1297 Solis,
1091 1240 1146 1293 δε
1186 1234 1562 1308 Aphrodisiade,
1602 1240 1660 1294 ὃς
1707 1305 1721 1313 x

204 1322 433 1394 Coryco,
474 1323 545 1382 δε,
603 1317 831 1392 superato
867 1317 1168 1380 Anemurio,
1204 1317 1660 1390 (promontorium

208 1400 260 1454 id
286 1418 491 1475 quoque
515 1397 704 1455 Ciliciae
738 1400 830 1469 est)
868 1396 1123 1453 Selinunte
1143 1412 1366 1471 recept0,
1412 1398 1659 1452 omnibus

207 1479 287 1534 his
320 1480 520 1554 aliisque
557 1479 666 1552 ejus
697 1498 800 1535 orae
834 1475 1033 1532 castellis
1062 1492 1150 1533 aut
1176 1491 1321 1533 metu
1362 1492 1448 1534 aut
1482 1477 1666 1533 volun-

210 1572 312 1617 tate
342 1562 444 1618 fine
486 1559 761 1616 certamine
798 1558 854 1614 in
884 1558 1197 1615 deditionem
1232 1559 1465 1630 acceptis,
1506 1561 1667 1614 Cora·
1698 1578 1708 1587 ⁴

212 1642 402 1697 cefium
450 1638 636 1714 practer„
675 1639 818 1714 spem
861 1638 1034 1695 claufis
1081 1642 1238 1714 portis
1281 1638 1483 1695 tenebat
1516 1658 1666 1696 eum.

210 1722 287 1777 Ibi
310 1722 458 1800 legati
485 1720 810 1778 Rhodiorum
837 1720 1008 1777 auditi.
1047 1725 1102 1778 &
1130 1738 1422 1796 quanquam
1451 1740 1510 1776 ea
1534 1719 1669 1796 lega-

211 1803 289 1859 tio
324 1817 443 1866 erat,
506 1823 619 1879 quae
655 1802 928 1866 accendere
963 1802 1162 1879 regium
1208 1803 1444 1858 animum
1491 1802 1669 1877 posset,

206 1884 516 1960 temperavit
557 1885 674 1939 irae:
748 1889 819 1946 &,
880 1881 1073 1960 legatos
1102 1882 1154 1939 se
1196 1883 1446 1939 Rhodum
1489 1885 1669 1941 miffu-

210 1984 353 2027 rum,
404 1965 697 2040 respondit3
752 1965 903 2039 iisque
937 1966 1314 2028 mandaturum,
1364 1979 1428 2020 ut
1460 1983 1668 2021 renova-

215 2062 324 2102 rent
349 2047 544 2119 vetusta
576 2050 696 2123 jura
719 2065 833 2101 eum
860 2063 918 2100 ea
957 2048 1179 2107 civitate,
1200 2049 1302 2121 sua
1328 2049 1667 2123 majorumque
1713 2073 1721 2086 2

205 2129 457 2203 suorum.-
520 2126 587 2196 &a
629 2140 864 2183 vetarent
905 2146 978 2181 eos
1015 2129 1290 2183 adventum
1336 2129 1668 2203 pertimescere
1713 2149 1724 2157 “

221 2211 364 2282 regis.
438 2206 582 2263 Nihil
616 2205 689 2262 his
734 2221 827 2262 aut
874 2208 1011 2280 sociis
1053 2226 1216 2263 eorum
1255 2226 1388 2265 noxa
1419 2208 1669 2282 futurum

208 2289 467 2364 fraudive.
516 2307 639 2345 nam
664 2296 995 2343 Romanorum
1030 2290 1300 2344 amicitiam
1332 2291 1391 2362 se
1432 2307 1524 2344 non
1564 2291 1671 2346 vio·
1716 2310 1725 2319 ”

219 2371 465 2427 laturum.
543 2377 848 2441 Argumenta
873 2367 941 2436 όν
966 2370 1123 2442 suam
1150 2385 1389 2425 recentem
1411 2371 1480 2426 ad
1501 2390 1575 2425 eos
1602 2371 1672 2426 le·-

216 2453 465 2523 gationem
506 2448 606 2523 effi,
658 2449 725 2517 &a
749 2451 957 2525 senatus
1001 2448 1250 2524 honortfica
1300 2453 1351 2505 in
1388 2453 1448 2525 fi’
1482 2451 1674 2509 decreta

217 2533 540 2608 responsaque.
606 2532 751 2585 Tum
782 2526 913 2586 forte
940 2530 1092 2606 legati
1115 2531 1366 2587 redierunt
1394 2530 1454 2586 ab
1478 2535 1677 2596 Roma,

221 2614 439 2669 comiter
478 2611 635 2669 auditi
669 2611 973 2686 dimissique,
1041 2625 1099 2667 ut
1137 2625 1344 2686 tempus
1382 2611 1682 2685 postulabat,

224 2693 418 2749 incerto
460 2692 627 2749 adhuc
672 2691 900 2749 adversus
964 2691 1257 2768 Philippum
1312 2708 1502 2749 eventu
1556 2693 1686 2754 belli.

229 2777 412 2848 Qum
456 2771 567 2829 haec
610 2772 759 2849 legati
801 2773 930 2848 regis
969 2775 1026 2829 in
1069 2776 1318 2832 concione
1348 2775 1681 2832 Rhodiorum

229 2867 450 2928 agerent,
509 2854 726 2911 nuncius
769 2855 924 2920 venit,
976 2854 1276 2912 debellatum
1318 2856 1378 2912 ad
1422 2856 1684 2930 Cynofce³³

223 2934 393 3008 phalas
421 2935 536 2993 este.
614 2940 733 2994 Hoc
770 2938 963 2995 nuncio
979 2952 1212 3014 accepto,
1264 2937 1497 3001 Rhodiis,
1534 2939 1685 2995 dem-

804 3032 834 3049 *
1404 3057 1419 3070 -
1582 3033 1679 3093 pto
