2063 3607
598 297 821 364 ΜΒ
862 297 914 363 E
959 298 1020 363 R
1106 296 1432 363 xxxiv.
1606 320 1729 388 413

278 406 498 468 Annibal
534 408 764 463 Romanis
800 403 1017 460 cladibus
1049 399 1238 476 infignis
1270 405 1534 476 imperator
1556 399 1733 473 stimu-

275 491 403 547 laret
428 502 449 544 ἓ
503 491 650 543 Dum
691 487 754 541 de
791 484 1068 557 provinciis
1111 480 1376 537 consulum
1417 482 1738 556 disceptatur,

272 587 514 645 praetores
552 568 711 624 sortiti
737 564 870 622 sunt.
955 566 1057 619 Cn.
1094 563 1333 618 Domitio
1360 563 1549 620 urbana
1581 561 1734 633 juris-

278 652 456 714 diffie,
493 656 558 706 T.
593 648 846 725 Juvencio
887 647 1148 722 peregrina
1189 646 1397 700 evenit:
1446 648 1498 699 P.
1532 645 1734 698 Corne-

276 731 348 788 lio
376 732 611 806 Hispania
637 730 856 790 ulterior,
901 732 1010 783 Sex.
1039 726 1240 801 Digitio
1265 727 1486 782 citerior:
1535 724 1736 780 duobus

279 815 380 871 Cn.
418 811 682 872 CorneliiS,
725 809 936 865 Blasioni
973 807 1151 869 Sicilia,
1211 808 1462 862 Merendae
1498 805 1738 863 Sardiniae

276 897 341 950 In
402 893 767 950 Macedoniam
826 907 1025 945 novum
1078 888 1355 943 exercitum
1414 886 1737 964 transportari

282 993 390 1030 non
429 974 643 1047 placuit:
683 990 805 1026 eum
844 972 934 1045 qui
969 969 1088 1026 effet
1129 967 1215 1030 ibi,
1253 970 1424 1023 reduci
1455 970 1505 1023 in
1535 968 1736 1024 Italiam

282 1054 312 1112 ἒι
334 1056 568 1130 QuintiQ
607 1072 666 1109 ac
692 1053 903 1108 dimitti.
939 1051 1065 1106 item
1092 1066 1213 1104 eum
1239 1049 1520 1106 exercitum
1554 1049 1740 1103 dimit—

281 1138 337 1199 ti,
377 1137 466 1210 qui
503 1154 629 1192 cum
666 1139 745 1190 M.
782 1133 965 1187 Porcio
997 1133 1196 1187 Catone
1231 1131 1284 1185 in
1319 1129 1554 1205 Hispania
1595 1130 1734 1185 eflet.

280 1216 585 1272 Consulibus
618 1214 869 1272 ambobus
905 1213 1103 1269 Italiam
1149 1213 1470 1285 provinciam
1516 1209 1629 1274 effe,
1675 1214 1733 1267 δε

280 1299 404 1354 duas
427 1299 634 1355 urbanas
661 1295 727 1353 εὸ
750 1296 973 1372 legiones
1003 1292 1225 1356 scribere,
1257 1306 1334 1357 ut,
1362 1292 1573 1349 dimisfis
1598 1309 1736 1366 quos

278 1380 475 1437 senatus
519 1379 778 1435 censuisset
819 1374 1131 1439 exercitibuS,
1189 1376 1315 1431 0630
1354 1376 1577 1431 omnino
1618 1377 1737 1451 Ro:

282 1480 452 1518 manae
474 1461 694 1537 legiones
717 1458 894 1515 efferit.

357 1546 553 1599 XLIV.
616 1548 718 1597 Ver
757 1540 953 1596 sacrum
996 1539 1195 1595 fastum
1235 1551 1338 1594 erat
1373 1539 1542 1613 priore
1578 1535 1739 1601 anno}

281 1628 363 1682 M.
403 1623 585 1678 Porcio
621 1626 672 1679 &
717 1627 777 1678 L.
815 1621 1011 1677 Valerio
1055 1620 1358 1675 consulibus,
1397 1620 1444 1674 id
1476 1637 1641 1694 quum
1676 1623 1744 1676 Ρ.

278 1706 505 1762 Licinius
541 1701 791 1779 pontifex,
846 1721 954 1757 non
997 1702 1092 1756 effe
1134 1698 1272 1756 Γεᾶἐ
1318 1700 1539 1762 saecum,
1584 1699 1737 1756 colle-

280 1786 372 1861 gio
416 1783 661 1859 primum,
707 1784 883 1838 deinde
917 1802 980 1838 ex
1009 1783 1310 1838 auotoritate
1338 1780 1534 1860 collegii
1578 1783 1737 1838 Patri—

280 1866 381 1921 bus
417 1866 762 1925 renunciaflet,
812 1866 874 1920 de
915 1867 1117 1940 integro
1161 1864 1452 1919 faciendum
1500 1863 1740 1920 arbitratu

278 1949 587 2023 pontificum
619 1945 943 2009 cenfixerunt3
972 1944 1214 2019 ludosque
1241 1964 1479 2021 magno&
1510 1947 1599 2020 qui
1630 1943 1734 2002 unii

279 2032 389 2085 voti
428 2029 602 2089 essent,
646 2041 782 2083 tanta
821 2029 1050 2101 pecunia,
1104 2042 1290 2101 quanta
1329 2026 1567 2089 affoleret,
1607 2026 1736 2084 faci-

280 2112 456 2166 endos,
534 2116 635 2165 Ver
666 2109 863 2164 sacrum
898 2110 1054 2164 videri
1081 2110 1251 2183 pecuS,
1290 2107 1427 2181 quod
1453 2121 1631 2164 natum
1659 2108 1736 2163 es-

278 2191 351 2246 set
395 2194 521 2246 inter
569 2188 680 2246 Kal.
722 2190 927 2244 Martias
969 2195 1021 2246 ὃς
1063 2189 1221 2262 pridie
1260 2189 1507 2245 Kalendas
1552 2189 1740 2262 MajaS,

280 2276 344 2328 P.
379 2270 620 2326 Cornelio
663 2272 898 2344 Scipione
946 2274 999 2326 ac
1057 2270 1141 2326 Ti.
1183 2270 1490 2345 Sempronio
1544 2274 1733 2348 Longo

281 2352 588 2408 consulibus.
664 2349 951 2407 Censorum
986 2350 1102 2405 inde
1140 2352 1354 2407 comitia
1395 2350 1563 2408 habita
1603 2350 1738 2409 sunt,

281 2435 431 2489 creati
473 2432 695 2489 censores
736 2435 849 2488 Sex.
881 2430 1039 2487 AElius
1069 2436 1236 2488 Paetus
1281 2438 1333 2489 δε
1377 2434 1439 2490 Ω
1468 2433 1737 2488 Cornelius

281 2516 559 2590 Cethegus,
606 2515 890 2589 principem
936 2513 1133 2569 senatus
1172 2518 1226 2570 P.
1267 2515 1564 2587 Scipionem
1612 2533 1738 2572 con·

279 2595 457 2658 sulem,
511 2615 668 2670 quem
707 2599 761 2652 &
802 2598 989 2670 priores
1035 2594 1258 2650 censores
1308 2596 1547 2671 legerant,
1602 2594 1740 2673 lege·

282 2696 418 2735 runt.
460 2680 574 2732 treis
605 2678 826 2732 omnino
856 2678 1122 2738 senatores,
1158 2675 1428 2731 neminem
1461 2668 1741 2734 cufuliho-

281 2778 405 2815 nore
434 2760 604 2820 usum,
633 2759 991 2831 praeterierunt.
1067 2760 1297 2814 Gratiam
1327 2777 1534 2833 quoque
1560 2759 1741 2834 ingen-

280 2854 389 2895 tem
436 2840 568 2914 apud
614 2858 734 2893 eum
782 2841 1011 2894 ordinem
1053 2854 1370 2914 pepererunt,
1430 2837 1568 2914 quod
1616 2839 1743 2899 ludis

280 2925 550 2982 Romanis,
605 2920 823 2976 aedilibus
862 2919 1113 2978 curulibus
1146 2921 1478 2995 imperarunt,
1533 2935 1589 2975 ut
1626 2920 1739 2982 loca

279 3001 521 3061 senatoria
552 3001 859 3061 secernerent
893 3001 919 3059 a
954 3004 1167 3078 populo,
1203 3022 1325 3059 nam
1358 3019 1500 3060 antea
1531 3003 1582 3055 in
1614 3022 1742 3077 pro..

1094 3088 1128 3139 S
1175 3104 1200 3159 3
1523 3083 1727 3142 miscuo
