2063 3607
526 294 588 360 L
636 297 660 358 1
702 293 753 356 Β
798 290 851 356 Ε
893 290 955 355 R
1034 288 1360 355 xxxin.
1545 305 1663 372 339

293 402 497 458 XXVI.
550 398 792 451 Praetores
824 390 1003 447 deinde
1046 393 1333 465 provincias
1371 390 1548 458 sortiti,
1606 400 1671 452 L.

211 484 449 559 Apustius
499 474 641 533 Fullo
682 474 924 530 urbanam
975 471 1397 545 jurisdie'tionem,
1468 476 1670 532 Manius

212 564 402 620 Acilius
421 557 628 615 Glabrio
648 555 776 611 inter
803 557 938 611 cives
968 560 1022 610 &
1052 558 1362 632 peregrinos,
1396 559 1471 631 Q
1493 555 1673 610 Fabius

213 647 377 700 Buteo
419 639 714 713 Hispaniam
753 636 1063 699 ulteriorem,
1122 640 1190 711 Q
1216 638 1477 693 Minucius
1507 636 1675 692 Ther·-

211 742 335 780 mus
359 723 667 781 citeriorem,
710 719 777 774 C.
810 715 990 774 Laelius
1016 717 1254 782 Siciliam,
1290 716 1410 775 Tib.
1432 721 1676 791 Sempro-

214 806 328 861 nius
354 809 566 880 Longus
596 799 896 856 Sardiniam.
975 801 1045 868 Q.
1068 797 1220 852 Fabio
1262 800 1476 855 Buteoni
1519 803 1573 856 &
1607 801 1679 873 Q.

219 886 478 948 Minuci0,
530 879 712 957 quibus
757 879 1009 954 Hispaniae
1056 879 1332 950 provinciae
1387 894 1678 939 evenerant,

216 964 445 1022 consules
473 963 695 1040 legiones
721 960 954 1035 finguIaS,
995 977 1057 1013 ex
1082 974 1298 1034 quatuor
1324 960 1387 1016 ab
1410 959 1460 1015 se
1484 960 1679 1033 scriptis

216 1064 340 1120 quas
374 1045 636 1105 videretur,
678 1038 759 1097 uti
787 1044 979 1103 darent,
1024 1039 1286 1096 decretum
1322 1043 1428 1097 est:
1475 1040 1676 1097 socium

216 1144 278 1183 ac
303 1127 531 1183 nominis
562 1123 730 1181 Latini
759 1138 999 1199 quaterna
1024 1119 1177 1177 millia
1212 1121 1462 1197 peditum,
1519 1135 1681 1178 trece-

221 1226 315 1263 nos
334 1208 545 1282 equites,
580 1205 734 1279 hique
763 1207 937 1281 primo
973 1220 1180 1277 quoque
1204 1218 1438 1279 tempore
1464 1204 1517 1258 in
1559 1222 1682 1279 pro·

223 1289 413 1345 vincias
453 1289 523 1343 ire
559 1286 696 1359 juffi.
779 1284 973 1341 Bellum
1015 1284 1069 1337 in
1096 1283 1333 1361 Hispania
1357 1287 1543 1361 quinto
1570 1282 1682 1358 post

225 1388 364 1425 anno
392 1382 631 1425 exortum
659 1367 750 1428 est,
792 1364 950 1441 quam
978 1365 1129 1422 fimul
1158 1384 1283 1421 cum
1315 1367 1514 1422 Punico
1552 1363 1686 1420 bello

223 1449 387 1507 fuerat
413 1450 642 1506 finitum.
733 1446 1027 1520 Priusquam
1052 1445 1104 1499 hi
1138 1460 1374 1519 praetores
1406 1448 1466 1502 ad
1492 1445 1684 1502 bellum

222 1528 386 1605 prope
425 1547 645 1591 novum,
715 1529 836 1601 quia
878 1541 997 1582 tum
1043 1524 1273 1600 primum
1319 1526 1412 1583 suo
1452 1528 1686 1587 nomine,

225 1610 365 1668 nullo
393 1612 587 1667 Punico
601 1610 823 1665 exercitu
846 1624 930 1664 aut
955 1607 1084 1662 duce
1111 1609 1170 1663 ad
1190 1626 1331 1664 arma
1360 1609 1538 1668 ierant,
1568 1625 1692 1682 pro·

227 1691 580 1755 ficiscerentur,
620 1702 707 1746 aut
730 1688 822 1764 ipsi
851 1686 1078 1745 consules
1111 1689 1174 1744 ab
1214 1687 1338 1744 urbe
1376 1702 1648 1744 moverent
1667 1708 1690 1753 ς

226 1791 510 1849 procurare,
545 1786 604 1828 ut
629 1770 815 1830 assolet,
862 1769 1111 1846 prodigia,
1158 1789 1277 1846 quae
1306 1769 1695 1835 nunciabantur,

226 1854 366 1926 juffi.
443 1857 505 1910 L.
534 1852 696 1929 Julius
722 1852 1011 1925 sequestris,
1040 1851 1091 1905 in
1122 1852 1328 1907 Sabinos
1354 1851 1697 1925 proficiscenS,
1731 1875 1739 1886 ⁵

231 1934 450 1991 fulmine
488 1933 590 2007 ipse
626 1931 883 2007 equusque
929 1933 1205 1990 exanimati
1259 1933 1492 1988 fuerant:
1566 1933 1696 1987 aedes

230 2017 457 2071 Feroniae
490 2015 544 2069 in
568 2014 825 2088 Capenate
858 2013 919 2067 de
947 2012 1084 2068 coelo
1110 2013 1245 2068 taeta
1273 2027 1374 2068 erat
1400 2033 1413 2068 z
1467 2013 1527 2069 ad
1570 2017 1696 2069 Mo-

231 2109 364 2152 netae
413 2094 631 2150 duarum
689 2093 942 2148 hastarum
984 2091 1170 2166 spieula
1217 2091 1430 2149 arserant
1451 2118 1467 2149 .-
1548 2091 1703 2169 lupus

235 2174 508 2251 AEsquilina
534 2187 680 2249 porta
708 2173 967 2249 ingress‘us,
1005 2172 1401 2247 frequentiffima
1436 2187 1576 2248 parte
1605 2193 1697 2231 ur·

236 2255 329 2319 bis,
372 2274 535 2331 quum
564 2257 619 2310 in
647 2254 823 2309 forum
848 2254 1151 2318 decurrisiet,
1190 2253 1367 2311 Tusco
1391 2255 1508 2310 vico
1545 2262 1699 2331 atque

237 2338 354 2394 inde
398 2336 553 2393 Melio
592 2353 680 2410 per
713 2349 925 2409 portam
972 2337 1236 2409 Capenam
1281 2330 1441 2410 prope
1477 2336 1701 2393 intastus

237 2417 472 2475 evaserat.
514 2445 531 2450 -
570 2421 694 2473 Haec
734 2414 965 2492 prodigia
1024 2414 1307 2490 majoribus
1353 2415 1528 2473 hostiis
1584 2417 1702 2476 sunt

240 2513 522 2576 procurata.
1713 2527 1728 2543 a

324 2583 556 2638 XXVII.
598 2577 781 2636 Iisdem
821 2580 991 2636 diebus
1019 2582 1121 2639 Cn.
1146 2578 1411 2635 Cornelius
1440 2581 1702 2648 Lentulus,

242 2663 331 2737 qui
362 2677 477 2718 ante
519 2663 885 2733 Sempronium
932 2663 1246 2719 Tuditanum
1287 2661 1575 2719 citeriorem
1610 2668 1707 2723 Hi·
1742 2673 1747 2692 '

245 2744 471 2819 spaniam
510 2742 812 2806 obtinuerat,
871 2761 1038 2818 quum
1078 2761 1141 2799 ex
1179 2741 1604 2802 senatusconsulto
1644 2765 1707 2801 o·

244 2842 370 2879 vans
398 2823 576 2879 urbem
603 2824 722 2879 esset
747 2824 1010 2899 ingressus,
1069 2824 1181 2880 tulit
1211 2842 1313 2899 prae
1347 2822 1395 2878 se
1434 2826 1541 2881 auri
1571 2827 1722 2883 mille⁴

250 2909 304 2962 &
349 2905 628 2981 quingenta
673 2906 968 2978 quindecim
1022 2907 1216 2979 ponde,
1282 2907 1475 2981 argenti
1526 2908 1713 2984 viginti

248 2984 423 3052 millia,
460 2985 641 3064 fignati
665 2984 925 3044 denarium
954 2988 1158 3063 triginta
1186 2997 1408 3065 quatuor
1446 2986 1615 3050 millia,
1655 2995 1704 3048 &t

923 3072 962 3125 P
1006 3088 1034 3125 2
1560 3070 1711 3151 quing
