2063 3607
492 279 555 344 L
601 281 623 345 1
667 279 718 344 B
756 278 810 344 E
849 277 915 343 R
997 277 1290 346 xxxn.
1554 296 1671 368 307

300 384 612 446 XXXVIII.
652 385 918 464 ‚Philippus
950 406 1117 462 quum
1153 390 1262 445 acie
1300 389 1679 447 decernendum

222 469 427 533 videret,
459 472 512 525 &
541 468 766 543 undique
787 471 848 525 ad
877 469 926 525 se
954 470 1318 544 contrahendas
1345 473 1491 534 vires,
1518 473 1682 528 maxia

225 548 316 607 me
344 551 407 605 de
439 548 647 622 Achajae
670 551 896 615 urbibus,
941 553 1163 629 regionis
1189 552 1253 609 ab
1286 552 1335 608 se
1367 551 1585 616 diversae,
1631 556 1688 610 &z

226 633 394 708 magis
433 645 610 688 tamen
639 633 701 688 de
732 636 899 710 Argis,
939 633 1093 708 quam
1122 635 1205 690 de
1236 634 1511 697 Corintho,
1530 652 1537 657 ⁹
1555 631 1689 691 solli·

225 713 373 776 citus,
407 714 674 788 optimum
706 730 841 773 ratus
878 715 1067 778 Nabidi
1107 735 1220 771 eam
1267 716 1688 774 Lacedaemonio-

223 812 342 850 rum
370 808 586 870 tyranno
611 796 748 852 velut
776 799 1090 855 fiduciariam
1117 798 1246 859 dare,
1292 809 1354 853 ut
1381 798 1565 854 vifiori
1593 797 1687 855 fibi

220 877 527 933 restitueret:
564 876 602 931 fi
633 878 753 951 quid
790 879 978 933 adverfi
1010 879 1276 942 accidifl'et,
1318 880 1422 953 ipse
1450 878 1679 936 haberet:

226 956 451 1021 Philocli,
503 958 593 1031 qui
632 958 908 1021 Corintho,
956 960 1463 1037 Argisque-praeerat,
1501 959 1692 1024 scribit,

225 1051 286 1093 ut
325 1052 605 1113 tyrannum
650 1039 756 1113 ipse
793 1042 1106 1100 conveniret.
1185 1039 1448 1106 Philocles,
1483 1057 1694 1116 praeter-

225 1136 381 1192 quam
423 1116 560 1195 quod
600 1122 708 1194 jam
747 1122 974 1180 veniebat
1002 1121 1125 1180 curn
1155 1142 1384 1186 munere,
1423 1124 1596 1196 adjicit
1627 1123 1691 1179 ad

222 1201 413 1276 pignus
448 1202 631 1258 futur-ae
670 1205 777 1280 regi
822 1224 947 1261 cum
989 1218 1207 1280 tyranno
1249 1205 1507 1268 amicitiae,
1566 1202 1692 1262 filias

225 1280 336 1337 suas
373 1301 550 1360 regem
594 1283 804 1341 Nabidis
846 1285 955 1342 filiis
1000 1287 1337 1344 matrimonio
1373 1286 1690 1361 conjungere

223 1362 366 1421 velle,
448 1369 718 1438 Tyrannus
753 1365 929 1440 primo
953 1386 1151 1445 negare,
1189 1368 1329 1426 aliter
1356 1367 1534 1424 urbem
1566 1384 1685 1423 eam

224 1442 277 1498 se
310 1458 660 1521 accepturum,
715 1448 808 1503 nifi
855 1450 1163 1524 Argivorum
1208 1448 1435 1525 ipsorum
1484 1451 1690 1505 decreto

224 1526 478 1582 arcessitus
517 1527 578 1583 ad
614 1527 860 1586 auxilium
896 1530 1031 1586 urbis
1073 1533 1209 1588 effer.
1246 1531 1445 1594 deinde,
1489 1544 1547 1587 ut
1589 1530 1690 1586 fte‘-

225 1609 402 1680 quenti
431 1609 682 1665 concione
705 1628 814 1666 non
840 1611 1124 1687 aspernatos
1162 1611 1338 1676 modo,
1375 1612 1459 1669 sed
1488 1612 1690 1669 abomi-

225 1702 373 1744 natos
410 1692 565 1745 etiam
606 1709 802 1748 nomen
843 1696 1045 1768 tyranni
1083 1693 1311 1758 audivit;
1376 1695 1599 1751 caussam
1640 1692 1690 1750 fe

226 1767 488 1844 spoliandi'
507 1792 593 1830 eos
627 1775 842 1831 mestum
874 1789 1027 1839 ratus,
1057 1777 1250 1833 tradere
1290 1775 1377 1831 ubi
1421 1775 1568 1832 vellet
1604 1793 1693 1831 ur-

226 1849 367 1914 bem,
416 1851 698 1911 Philoclem
736 1855 897 1930 juffit.
994 1861 1174 1916 Noste
1213 1858 1401 1935 ignaris
1442 1857 1691 1916 omnibus

226 1948 463 2010 acceptus
493 1935 548 1992 in
580 1937 759 1993 urbem
789 1943 861 1997 est
896 1955 1159 2016 tyrannus,
1202 1942 1370 2017 prima
1394 1939 1507 1999 luce
1534 1958 1694 1999 occu·

226 2027 315 2090 pat
334 2016 583 2091 superiora
613 2021 792 2076 omnia
827 2021 953 2086 loca,
991 2040 1253 2099 portaeque
1292 2020 1481 2080 clausae.
1563 2027 1694 2079 Pau·-

226 2097 299 2152 cis
323 2098 613 2174 principum
642 2102 929 2160 tumultum
959 2106 1087 2162 inter
1110 2105 1343 2181 primum
1374 2105 1565 2179 elapfis‚
1604 2121 1693 2159 eo-

224 2195 351 2236 rum
387 2178 669 2240 absentium
710 2185 916 2261 direptae
955 2186 1195 2244 fortunae.
1246 2186 1565 2260 praesentibus
1606 2201 1695 2240 au*-

225 2276 347 2316 rum
387 2272 540 2337 atque
576 2279 848 2341 argentum
885 2264 1130 2331 ablatum,
1171 2269 1401 2344 pecuniae
1428 2269 1692 2345 imperatae

226 2341 480 2419 ingentes,
507 2345 599 2420 qui
636 2365 746 2403 non
777 2348 1079 2406 cundranter
1112 2349 1395 2412 contulere,
1430 2351 1537 2406 fine
1565 2360 1695 2407 corr·-

226 2424 436 2481 tumelia
464 2428 519 2484 &
546 2425 841 2486 laceratione
861 2448 1142 2507 corporum
1169 2428 1286 2489 sunt
1313 2432 1524 2490 dimiffi.
1560 2446 1695 2508 quos

226 2506 458 2565 occulere
484 2519 573 2566 aut
600 2512 848 2570 retrahere
885 2513 1070 2590 aliquid
1101 2512 1316 2590 suspicio
1358 2513 1474 2578 fuit,
1514 2515 1566 2569 in
1595 2511 1696 2571 sterss

226 2586 386 2645 vilem
427 2591 650 2649 modum
694 2592 892 2654 lacerati
935 2608 1085 2672 atque
1126 2596 1328 2652 extorti.
1415 2597 1692 2654 Concione

226 2669 345 2727 inde
368 2670 627 2739 advocata,
669 2681 993 2754 rogationem
1018 2676 1394 2756 promulgavit3
1436 2698 1594 2736 unam
1629 2680 1693 2735 de

226 2749 407 2809 tabulis
439 2757 607 2822 novis,
643 2757 851 2817 alteram
882 2760 947 2818 de
972 2778 1102 2838 agro
1139 2761 1333 2817 viritim
1376 2761 1668 2819 dividendo:

225 2832 349 2890 duas
389 2833 522 2893 faces
557 2841 866 2903 novantibus
887 2861 968 2904 res
992 2842 1055 2902 ad
1079 2839 1283 2922 plebem
1321 2843 1376 2901 in
1411 2845 1688 2923 optimates

224 2916 617 3001 accendendam,
894 2922 902 2926 ’
1682 2937 1685 2941 “

1175 3089 1438 3151 XXXIX.
1480 3084 1685 3168 Postea-j
