2063 3607
544 300 606 364 L
627 299 675 361 4
709 276 769 361 Β
796 295 863 361 «Ε
898 295 963 363 R
1005 294 1343 381 nsoom.
1524 314 1656 392 1273

203 423 435 479 &oritate
478 426 656 472 motus
704 411 948 489 Charopi,
988 415 1221 490 experiri
1252 413 1397 490 spem
1435 412 1679 473 oblatam

203 505 389 559 statuit
441 505 514 570 ὃς,
563 510 621 553 ut
661 511 902 552 averteret
932 511 1045 552 rem
1085 492 1114 550 ὲ
1156 494 1450 571 suspicione,
1510 497 1691 554 biduo«

196 582 481 672 insequenti
504 556 732 635 lacessere
761 576 981 639 hostem,
1020 573 1282 669 dispositis
1290 576 1353 633 ab
1380 581 1528 635 omni
1556 597 1668 653 par-

196 678 248 718 te
279 662 457 737 copiis,
511 657 1004 733 succedentibusque
1021 657 1229 733 integris
1266 659 1321 713 in
1359 656 1536 716 locum
1577 661 1669 715 de·

198 741 458 803 fessorum,
513 758 619 795 non
654 738 854 795 destitit.
935 743 1170 829 Qatuor-
1199 738 1356 795 millia
1386 740 1502 797 inde
1535 740 1664 802 lesta

187 824 434 897 ”peditum
458 824 519 879 θζ
544 831 807 888 trecentos
840 819 1031 893 equites
1066 817 1273 874 tribuno
1291 819 1530 892 rnilitum
1562 834 1670 877 tra·

196 904 287 960 dit.
325 906 533 996 equites,
575 889 742 975 quoad
785 898 900 955 loca
933 897 1206 990 patiantur-3
1256 900 1440 956 ducere
1475 900 1658 973 jubet:

198 984 286 1039 ubi
321 987 382 1041 ad
426 984 562 1039 invia
600 981 759 1055 equiti
794 987 1013 1034 ventum
1046 978 1126 1042 fit,
1180 979 1234 1035 in
1264 968 1463 1053 planitie
1500 982 1664 1057 aliqua

198 1052 354 1121 {omri
382 1065 714 1139 equitatum·
694 1098 717 1125 ,
786 1061 1000 1135 pedites,
1073 1078 1173 1134 qna
1208 1060 1312 1116 dux
1359 1065 1664 1119 monstraret

196 1147 354 1208 viam,
390 1148 494 1200 ire:
536 1141 640 1205 ubi,
669 1154 736 1198 ut
754 1139 1065 1213 puniceam,
1075 1140 1228 1214 super
1249 1158 1408 1217 caput
1431 1143 1663 1199 hostium

196 1239 501 1300 perventum
532 1225 610 1285 fit,
662 1213 814 1276 fumo
843 1222 959 1278 dare
982 1220 1239 1295 fignum.
1297 1241 1392 1297 nec
1418 1221 1533 1281 ante
1563 1223 1664 1280 cla-
1730 1232 1739 1237 “

198 1324 402 1362 morem
445 1304 631 1366 tollere,
687 1321 864 1376 quam,
924 1301 988 1357 ab
1014 1300 1065 1355 se
1109 1302 1259 1377 figno
1285 1320 1512 1397 accepto,
1565 1324 1665 1379 pu-

197 1405 385 1461 gnam
383 1400 619 1458 coeptam
646 1383 879 1459 arbitrari.
895 1381 1071 1456 posset.
1155 1384 1333 1438 Noete
1364 1386 1541 1441 itinera
1569 1385 1684 1441 fle·-

199 1469 240 1521 ri
272 1467 450 1539 jubet,
474 1467 555 1535 (ὅτ.
587 1480 778 1539 pernox
816 1459 949 1518 for-te
994 1461 1113 1516 luna
1138 1465 1265 1534 erat)
1312 1464 1551 1520 interdiu
1558 1463 1684 1525 cibi:-

199 1546 477 1621 quietisque
513 1543 729 1601 sumeret
765 1556 989 1618 tempus,
1054 1542 1239 1597 ducem
1280 1545 1561 1618 promiffis
1564 1546 1682 1600 ins-x

195 1628 429 1702 gentibus
458 1639 746 1688 oneratum,
788 1623 827 1678 fi
856 1624 980 1702 fides
1005 1624 1180 1685 exstet,
1218 1625 1453 1682 vinetum
1483 1639 1660 1682 tamen

194 1708 401 1763 tribuno
428 1706 640 1780 tradidit
716 1705 808 1761 His
846 1695 1012 1779 copiis
1028 1705 1098 1758 ita
1128 1703 1356 1766 dimiffis,
1395 1727 1456 1765 eo
1492 1702 1660 1766 inten-

202 1784 301 1844 tius
334 1776 603 1843 Romanus
630 1786 854 1859 undique
881 1786 1027 1840 instat
1050 1785 1161 1858 capi
1192 1776 1444 1845 stationes.

277 1870 401 1926 XII.
440 1869 649 1923 Interim
682 1864 763 1920 die
799 1866 950 1920 tertio
995 1882 1163 1938 quum
1194 1867 1456 1933 verticem,
1496 1886 1684 1944 quem-

197 1949 456 2022 petierant,
496 1949 722 2001 Romani
755 1945 934 2018 cepiffe
963 1963 1021 2000 ac
1048 1957 1216 2000 tenere
1240 1945 1287 2000 se
1320 1946 1472 2002 fumo
1502 1951 1660 2025 figni-

196 2030 447 2090 ficarent3
490 2042 624 2084 tum
634 2024 768 2086 vero,
806 2018 1054 2080 trifariam
1082 2026 1246 2080 divisis
1281 2030 1459 2102 copiiS,
1482 2027 1659 2100 consul

196 2108 318 2179 valle
354 2109 520 2165 media
546 2127 668 2180 cum
701 2104 929 2161 militum
951 2104 1132 2161 robore
1155 2105 1419 2165 succedit:
1463 2128 1687 2169 cornua÷

196 2176 365 2245 dextra
390 2171 612 2264 laevaque
636 2189 878 2243 admovet
905 2181 1089 2242 castris,
1127 2205 1223 2242 nec
1253 2186 1453 2279 segnius
1484 2189 1656 2263 hostes
1680 2206 1690 2216 ⁸

195 2271 401 2326 obviarn
432 2285 570 2326 eunt.
616 2273 668 2325 &
697 2268 828 2322 dum
849 2264 1097 2323 aviditate
1103 2270 1391 2323 certaminis
1421 2272 1657 2345 proveeti

194 2365 336 2421 extra
361 2351 673 2406 munitiones
697 2361 948 2425 pugnant,
985 2345 1124 2402 haud
1144 2346 1310 2422 paullo
1337 2348 1557 2426 superior
1584 2353 1673 2423 ests
1721 2371 1732 2417 '.

198 2435 469 2487 Romanus
513 2429 659 2486 miles
695 2433 748 2487 ὅτ
788 2430 987 2491 virtute,
1044 2431 1098 2485 δι
1131 2426 1353 2493 scientia,
1397 2437 1451 2488 &
1480 2444 1659 2488 armo-⁸

194 2531 314 2566 rum
341 2530 540 2586 genere.
620 2511 951 2584 Posteaquam
984 2508 1159 2565 multis
1192 2508 1455 2568 vulneratis
1495 2514 1653 2569 inter-

194 2592 439 2666 feet-isque
480 2609 752 2667 recepere
744 2589 793 2644 se
796 2591 941 2666 regii
963 2589 1016 2643 in
1058 2588 1168 2645 loca
1205 2604 1292 2646 aut
1321 2592 1656 2665 munimento

194 2683 279 2728 aut
309 2687 506 2728 natura
507 2686 632 2734 tuta,
675 2663 888 2727 verterat
925 2668 1204 2743 periculum
1242 2672 1294 2726 in
1329 2676 1635 2729 Romanos
1630 2696 1655 2742 3

197 2769 386 2812 temere
413 2754 466 2807 in
491 2752 641 2807 loca
626 2752 817 2827 iniqua,
852 2770 947 2809 nec
975 2749 1140 2806 faciles
1171 2750 1230 2806 ad
1265 2769 1531 2844 receptum
1561 2774 1652 2809 an-

198 2835 382 2910 gustias
416 2832 714 2908 progressos
748 2843 910 2907 neque
933 2832 1188 2907 impunita
1215 2835 1496 2890 temeritate
1534 2816 1651 2891 inde

196 2914 488 2989 recepissent
523 2911 636 2974 sese,
679 2914 730 2967 ni
759 2912 950 2969 clamor
974 2908 1201 2988 primum
1227 2914 1288 2970 ab
1326 2929 1473 2992 tergo
1497 2916 1656 2972 audi'-
1687 2953 1691 2958 .

196 3009 309 3061 tus,
348 2996 461 3078 dein
495 3011 718 3076 pugna
702 2995 857 3053 etiam
904 3005 1081 3070 coepta
1125 3009 1350 3056 amentes
1389 2998 1694 3074 repentina-1.

846 3079 909 3157 M
946 3094 991 3153 5
1460 3091 1689 3134 terrore:
