2063 3607
441 242 563 327 408
896 238 1426 305 T.L1V11

431 352 481 408 sse
506 350 709 408 interim
743 367 867 406 cum
893 348 1106 406 tribunis
1132 348 1360 406 militurn
1390 349 1451 406 ad
1495 348 1759 407 visendum
1800 345 1890 407 ur?-

433 433 510 490 bis
534 434 688 488 fitum
715 433 912 487 moenia
935 431 1354 486 circumvehitur.
1431 435 1606 487 Fuerat
1622 433 1883 507 quondam

432 516 539 570 fine
576 530 730 568 muro
768 518 955 585 Sparta.
1009 513 1211 585 tyranni
1242 530 1399 586 nuper
1437 512 1560 571 locis
1604 513 1889 587 patentibus

433 593 689 670 planisque
712 592 1001 666 objecerant
1029 611 1270 647 murum:
1315 592 1483 650 altiora
1509 594 1634 655 loca,
1672 598 1726 650 ὃς
1751 594 1886 648 diffi-

438 674 609 731 ciliora
643 673 812 734 aditu,
866 672 1160 728 stationibus
1196 689 1507 729 armatorum
1564 693 1660 748 pro
1716 674 1888 728 muni-

440 770 624 812 mento
652 754 870 826 objectis
905 751 1212 809 tutabantur.
1305 754 1408 809 Ubi
1438 754 1551 810 fitis
1591 756 1769 809 omnia
1811 755 1890 808 in-

436 827 627 910 spexit5
687 853 878 892 corona
905 834 1306 909 oppugnandam
1335 850 1485 896 ratus,
1528 834 1770 889 omnibus
1802 853 1894 889 co·

438 918 537 991 piis
573 918 736 988 (erant
775 927 947 971 autem
990 918 1357 971 Romanorum
1399 915 1771 990 sociorumque,
1826 916 1891 969 fi-

440 997 555 1054 mul
583 998 811 1071 peditum
834 996 1189 1070 equitumque,
1228 994 1379 1051 fimul
1404 998 1811 1070 terrestriumque
1831 1013 1893 1051 ac

440 1078 696 1136 navalium
727 1077 992 1152 copiarum
1020 1077 1082 1130 ad
1117 1077 1483 1152 quinquaginta
1527 1076 1680 1132 millia
1718 1077 1893 1131 homi-

441 1158 602 1227 num)
632 1158 809 1214 urbem
829 1158 1004 1214 cinxit.
1038 1156 1130 1211 Alii
1157 1156 1320 1218 scalas,
1349 1157 1428 1212 aiii
1450 1159 1646 1233 ignem,
1686 1158 1765 1212 alii
1785 1156 1894 1219 alia,

441 1241 633 1315 quibus
674 1258 781 1294 non
816 1252 1172 1314 oppugnarent
1218 1235 1394 1299 modo,
1442 1237 1521 1293 sed
1561 1240 1716 1294 etiam
1744 1253 1895 1295 terre-

441 1336 574 1385 rent,
615 1319 896 1395 portabant.
930 1318 1050 1392 juffi
1077 1317 1299 1374 clamore
1320 1317 1510 1375 sublato
1547 1318 1705 1375 subire
1747 1318 1896 1375 undi-

407 1451 417 1457 .
445 1421 546 1478 que
582 1420 784 1463 omnes,
836 1414 913 1461 ut,
933 1396 945 1406 Ἣ
968 1397 1066 1474 qua
1095 1396 1324 1474 primum
1357 1414 1694 1463 occurrerent,
1728 1417 1894 1474 quave

445 1501 603 1559 opem
632 1482 836 1543 ferrent,
889 1481 950 1536 ad
979 1482 1157 1536 omnia
1198 1479 1350 1535 simul
1393 1496 1623 1555 paventes
1666 1481 1898 1538 Lacedae-

444 1565 616 1621 monii
634 1565 944 1640 ignorarent.
1019 1560 1173 1636 Qod
1214 1561 1405 1616 roboris
1437 1563 1490 1617 in
1530 1563 1747 1618 exercitu
1777 1574 1899 1624 erat,

446 1645 691 1702 trifariam
733 1644 973 1700 divisum.
1017 1653 1158 1717 parte
1200 1660 1299 1698 una
1341 1640 1370 1698 ὲ
1397 1642 1645 1706 Phoebeo,
1682 1642 1831 1699 altera
1865 1640 1896 1699 a

449 1727 777 1799 Didtynneo,
823 1727 966 1781 tertia
1003 1724 1067 1779 ab
1106 1741 1169 1779 eo
1210 1721 1327 1779 loco
1366 1732 1523 1798 quem
1554 1725 1900 1801 Heptagonias

447 1808 698 1884 appellant
723 1809 921 1877 (omnia
943 1819 1116 1862 autem
1147 1802 1257 1861 haec
1289 1821 1456 1880 aperta
1479 1807 1583 1861 fine
1614 1825 1768 1861 muro
1787 1805 1899 1861 loca

448 1889 587 1961 sunt)
607 1887 808 1965 aggredi
839 1889 1000 1961 jubet.
1074 1891 1256 1962 Qum
1280 1899 1448 1942 tantus
1480 1888 1701 1962 undique
1738 1900 1898 1942 terror

452 1971 875 2033 circumvafiffet3
928 1964 1101 2043 primo
1141 1983 1400 2041 tyrannus,
1458 1972 1512 2023 ὃς
1549 1969 1609 2023 ad
1653 1967 1899 2023 ciamores

447 2053 739 2125 repentinos
766 2055 819 2107 &
850 2050 909 2106 ad
936 2047 1152 2103 nuncios
1183 2049 1399 2123 trepidos
1430 2061 1622 2109 motus,
1673 2062 1731 2103 ut
1766 2047 1900 2122 quis-

449 2137 551 2207 que
584 2129 811 2187 maxime
852 2130 1092 2185 laboraret
1124 2127 1284 2191 locu3‚
1330 2142 1416 2184 aut
1451 2128 1552 2204 ipse
1579 2128 1903 2190 occurrebat,

449 2226 540 2269 aut
579 2213 772 2288 aliquos
807 2211 1057 2267 mittebat.
1106 2211 1286 2265 deinde
1324 2210 1636 2265 circumfuso
1675 2210 1901 2283 undique

450 2311 637 2368 pavore
660 2296 729 2349 ita
755 2292 1037 2367 obtorpuit,
1075 2303 1134 2347 ut
1170 2309 1265 2346 nec
1306 2291 1467 2345 dicere
1509 2290 1647 2364 quod
1690 2292 1740 2346 in
1786 2308 1897 2345 rem

451 2375 591 2436 esset,
631 2392 725 2430 nec
747 2374 917 2429 audire
940 2373 1134 2445 poffet:
1194 2389 1291 2426 nec
1319 2373 1469 2446 inops
1498 2368 1660 2426 modo
1692 2370 1902 2433 confiiii‚

450 2453 533 2510 sed
566 2454 649 2509 vix
679 2455 867 2510 mentis
892 2471 1115 2526 compos
1142 2454 1276 2508 effer.

534 2538 792 2592 XXXIX.
826 2539 1097 2590 Romanos
1126 2531 1298 2607 primo
1322 2531 1622 2589 sustinebant
1648 2533 1697 2586 in
1743 2550 1904 2607 angu-

448 2617 553 2673 stiis
594 2616 991 2672 Lacedaemonii:
1062 2628 1314 2687 ternaeque
1352 2616 1481 2669 acies
1520 2629 1752 2688 tempore
1798 2631 1905 2667 uno

449 2697 574 2753 locis
617 2697 817 2752 diversis
857 2693 1168 2772 pugnabant.
1229 2692 1408 2750 deind’e
1456 2694 1705 2751 crescente
1746 2710 1902 2749 cerra-

447 2796 595 2833 “mine
633 2795 951 2852 nequaquam
990 2790 1092 2830 erat
1130 2775 1373 2850 proelium
1406 2795 1513 2850 par.
1549 2772 1811 2831 missilibus
1850 2793 1905 2828 e-

452 2862 566 2915 nim
607 2857 985 2915 Lacedaemonii
1013 2857 1324 2931 pugnabant,
1368 2852 1394 2911 a
1425 2857 1607 2931 quibus
1635 2854 1683 2911 se
1709 2860 1762 2913 &
1792 2872 1906 2911 ma-

449 2940 717 3018 gnitudine
742 2938 867 2996 scuti
889 2937 1124 3013 perfacile
1156 2942 1431 2995 Romanus
1472 2937 1703 2996 tuebatur
1743 2935 1908 2998 miles,

450 3039 457 3051 ι
925 3038 937 3049 η
1198 3043 1225 3075 ²
1844 3021 1901 3074 ὃζ
