2063 3607
350 334 472 418 298
807 332 898 398 T.
956 334 1018 398 L
1061 333 1090 401 1
1136 332 1197 396 v
1243 334 1268 396 1
1318 333 1344 394 1

347 441 491 497 tione
520 447 678 497 erant.
717 436 1014 514 quindecim
1052 436 1257 513 oppida,
1310 433 1590 491 hominum
1619 421 1803 508 viginti

350 519 509 579 millia
535 522 633 577 effi:
656 517 967 583 dicebantur,
1004 539 1120 594 quae
1143 517 1192 574 se
1217 517 1524 574 dediderant.
1597 516 1724 571 Inde
1755 516 1808 570 in

352 621 538 681 agrum
563 605 827 678 Bojorum'
840 599 1065 679 legiones
1086 600 1248 659 duxit.

438 687 617 742 XXX.
655 685 905 758 Bojorum
938 683 1186 740 exercitus
1217 682 1348 738 haud
1372 682 1444 736 ita
1484 677 1652 744 multo
1696 673 1815 735 ante

354 766 622 841 trajecerat
648 766 861 829 Padum,
879 767 1213 840 junxeratque
1234 764 1284 820 se
1306 762 1593 819 Insubribus
1618 765 1671 818 &
1694 763 1818 817 Cae-

357 849 621 906 nomanis:
668 846 805 924 qubd
835 850 901 904 ita
930 863 1241 923 acceperant,
1287 842 1816 920 conjunffislegioni-

357 928 454 986 bus
477 929 703 989 consules
726 949 837 986 rem
870 932 1116 1008 gesturos,
1154 944 1214 986 ut
1242 933 1296 986 ὃς
1324 930 1414 1003 ipfi
1441 926 1640 986 collatas
1678 925 1732 978 in
1760 945 1820 981 u-

362 1031 500 1070 num
546 1016 672 1069 vires
722 1013 1000 1070 firmarent.
1078 1015 1410 1086 Posteaquam
1449 1007 1590 1066 fama
1614 1006 1827 1073 accidit,-

361 1092 581 1152 alterurn
615 1093 875 1151 consulem
902 1096 1152 1167 Bojorum
1182 1111 1322 1149 urere
1336 1110 1509 1168 agros;
1531 1088 1706 1145 seditio
1728 1106 1820 1144 ex-

363 1176 568 1250 templo
600 1192 709 1232 orta
746 1179 835 1233 est.
916 1175 1165 1232 Postulare
1206 1174 1336 1248 Boji,
1390 1187 1448 1229 ut
1486 1169 1822 1228 laborantibus

367 1276 528 1332 opem
557 1257 774 1322 univerfi
802 1257 1007 1314 ferrent.
1090 1254 1321 1314 Insubres
1350 1274 1534 1332 negare
1560 1252 1609 1308 se
1630 1252 1717 1308 sua
1733 1252 1824 1308 de*

360 1337 602 1397 fertur-os.
697 1341 774 1395 Ita
813 1337 981 1396 divisae
1018 1338 1209 1414 copiaet·
1270 1336 1508 1412 Bojisque
1541 1335 1595 1390 in
1635 1351 1848 1410 agrum-

357 1419 520 1502 suum
561 1421 832 1478 tutandum
873 1419 1136 1496 profestis,
1191 1418 1421 1475 Insubres
1464 1435 1588 1474 cum
1633 1417 1827 1473 Caeno-

369 1502 541 1581 manis
567 1503 711 1578 super
731 1502 898 1558 amnis
927 1502 1108 1573 Mincii
1130 1502 1260 1576 ripas
1296 1498 1647 1557 constderunt.
1740 1498 1828 1552 In-

372 1582 451 1640 fra
476 1604 599 1640 eum
630 1583 805 1641 locum
838 1586 1066 1660 quinque
1091 1580 1247 1639 millia
1274 1581 1507 1656 passuum
1548 1586 1601 1638 &
1649 1575 1828 1636 consul

375 1666 648 1722 Cornelius
698 1666 865 1721 eidem
925 1666 1136 1720 flumini
1190 1667 1348 1720 castra
1389 1662 1645 1738 applicuit.
1713 1659 1829 1715 inde

375 1748 638 1805 mittendo
678 1749 731 1802 in
773 1748 915 1802 vicos
959 1749 1433 1813 Caennmanmum,
1486 1744 1830 1818 Brixiamque,

373 1830 516 1909 quod
542 1841 696 1904 caput
720 1829 884 1905 gentis
911 1842 1040 1893 erat3
1088 1842 1145 1886 ut
1177 1827 1288 1885 satis
1313 1828 1584 1901 comperit,
1620 1844 1731 1880 non
1767 1840 1831 1881 ex

373 1911 677 1969 austeritate
701 1912 961 1966 seniorum
988 1910 1315 1982 juventutem
1338 1910 1392 1965 in
1419 1909 1571 1966 armis
1598 1907 1711 1970 effe,
1736 1923 1833 1962 nec

377 1991 585 2069 publico
611 1992 817 2050 consilio
846 1990 1137 2048 Insubrium
1166 1990 1445 2048 defeffioni
1486 1991 1833 2048 Caenonmnos

376 2074 430 2129 se
460 2073 764 2147 adjunxiffffl
802 2074 976 2129 excitis
1020 2074 1081 2129 ad
1123 2073 1170 2127 st:
1210 2072 1536 2146 principibus,
1585 2072 1633 2126 id
1689 2075 1837 2145 agere

378 2175 440 2212 ac
486 2154 656 2210 moliri
698 2157 891 2229 coepit,
952 2166 1011 2209 ut
1053 2153 1373 2210 desciscerent
1426 2153 1488 2209 ab
1548 2151 1839 2207 Insubribus

382 2237 718 2301 Caenomani3
797 2241 854 2294 ὅτ,
904 2235 1059 2312 signis
1110 2235 1313 2292 sublatis
1366 2248 1456 2291 aut
1513 2234 1704 2289 domos
1760 2246 1837 2287 re·

379 2319 564 2381 ditent,
600 2331 688 2375 aut
729 2317 791 2374 ad
834 2319 1107 2374 Romanos
1158 2317 1460 2374 transirent.r
1516 2319 1582 2371 Et
1622 2316 1672 2369 id
1725 2314 1840 2387 qui-

382 2402 507 2457 dem
546 2399 809 2475 impetrari
848 2399 1062 2474 nequiit.
1124 2400 1178 2454 in
1225 2399 1276 2456 id
1316 2398 1430 2453 data
1472 2396 1594 2453 fides
1647 2394 1838 2453 consuli

385 2483 475 2544 est,
512 2496 581 2550 ut⁵
603 2483 655 2535 in
680 2483 786 2537 acie
826 2495 912 2536 aut
950 2479 1283 2554 quiescerent,
1317 2491 1420 2541 aut,
1461 2478 1496 2533 fi
1543 2497 1643 2554 qua
1681 2477 1836 2535 etiam
1903 2506 1911 2509 ἡ

381 2563 583 2620 occasio
619 2561 819 2625 fuisset,
875 2561 1172 2636 adjuvarent
1218 2565 1508 2617 Romanos
1605 2564 1728 2616 Haee
1770 2560 1854 2625 ita-

381 2639 674 2700 conveniffe
730 2641 961 2699 Insubres
1027 2641 1358 2719 ignorabant:
1422 2642 1617 2697 suberat
1666 2654 1842 2697 tamen

382 2725 622 2801 quaedam
662 2722 878 2799 suspicio
916 2725 1131 2788 animis,
1184 2722 1346 2781 labare
1374 2724 1532 2781 fidem
1563 2722 1842 2779 sociorum.

382 2809 563 2902 Itaque
612 2825 780 2881 quum
820 2807 873 2861 in
914 2808 1080 2862 aciem
1122 2806 1427 2871 eduxissent,
1499 2817 1740 2861 neutrum
1783 2806 1846 2862 iis

385 2908 549 2945 cornu
580 2889 912 2962 committere
936 2889 1058 2953 aufi,
1092 2908 1172 2952 ne,
1219 2888 1259 2944 fi
1282 2886 1401 2943 dolo
1426 2887 1687 2950 ceffiffent,
1728 2899 1844 2949 rem

388 2983 556 3028 totam
583 2969 902 3033 inclinarent,
937 2972 1052 3046 post
1078 2972 1222 3051 figna
1247 2971 1301 3026 in
1337 2968 1557 3027 subfidiis
1591 2988 1677 3024 eos
1706 2966 1843 3026 loca·—
1887 2973 1893 2987 ‘

385 3065 593 3138 assunt:
666 3052 863 3137 Censul
884 3054 1139 3138 Ptiacirio
1163 3072 1353 3135 rugnae
1380 3053 1528 3137 Χονὲς
1559 3052 1720 3113 aedem
1753 3055 1846 3123 sq.

1701 3132 1842 3211 spitae
