2063 3607
547 244 606 306 L
652 241 766 305 1ss
806 238 858 302 Ε
916 240 975 303 R
1034 238 1350 305 XXVm.
1588 259 1670 324 59

222 358 474 437 expositos
498 355 562 411 ad
588 368 783 428 partem
819 346 932 407 eain
962 353 1116 415 muri,
1156 369 1254 425 qua
1284 360 1432 423 capta
1458 346 1675 404 Cartha·

224 445 295 521 gd
332 441 394 495 ab
424 437 676 493 Romanis
712 436 890 497 fuerat,
940 429 1130 490 ducit-j
1164 449 1258 488 nec
1295 431 1523 507 praesidio
1561 429 1675 484 satis

219 521 386 579 valido
413 518 600 575 urbem
628 518 784 574 teneri
808 527 961 578 ratus,
1001 521 1055 590 ὃς
1079 514 1272 590 aliquos
1301 513 1678 589 oppidanorum

229 604 289 661 ad
332 602 476 675 spen]
513 599 733 655 novandi
772 617 849 654 res
884 596 1066 671 aliquid
1099 611 1353 653 moturos..
1434 591 1678 649 Ceterum

226 685 400 741 nuncii
430 701 491 739 ex
513 684 643 758 agris
666 681 844 754 trepidi
867 680 1016 734 simul
1037 678 1438 753 populationem,
1481 674 1685 751 agresti-

231 784 427 840 umque
469 763 672 840 fugam,
725 767 779 818 &
818 761 1042 816 hostium
1084 761 1360 816 adventum
1390 757 1683 814 attulerant:

232 853 288 906 ὃς
317 845 420 901 visa
446 845 659 900 interdiu
692 841 847 897 claffis
868 857 988 903 erat,
1026 862 1118 897 nec
1147 843 1249 897 sine
1276 840 1438 896 cauffa
1466 838 1685 894 elefftam

233 943 350 985 ante
379 926 558 981 urbem
604 926 870 980 stationem
918 923 1200 997 apparebat.
1248 924 1417 998 itaque
1460 919 1690 976 instruet-i

234 1009 517 1083 armatique
540 1009 670 1068 intra
697 1017 916 1079 portam,
962 1007 1019 1059 ad
1048 1007 1283 1080 stagnum
1307 1024 1366 1060 ac
1398 1021 1542 1057 mare
1581 1019 1692 1055 ver-

236 1091 364 1153 sam,
409 1087 820 1145 continebantur.
901 1086 1003 1142 Ubi
1030 1086 1172 1142 effufi
1201 1087 1382 1147 hostes,
1422 1086 1585 1139 mixta
1614 1084 1691 1136 in·

232 1185 309 1230 ter
338 1170 520 1227 milites
558 1169 718 1225 navali
755 1167 914 1229 turba,
952 1169 1013 1223 ad
1047 1186 1224 1222 muros
1246 1166 1471 1223 tumultu
1497 1167 1698 1238 majore

239 1252 398 1329 quam
428 1254 477 1307 vi
496 1251 766 1312 subierunt,
804 1249 1272 1325 patefa&arepente
1297 1263 1457 1323 porta,
1497 1252 1698 1303 Roma-

242 1337 299 1389 ni
324 1352 445 1390 cum
475 1333 693 1388 clamore
719 1346 1018 1405 erumpunt:
1064 1331 1383 1405 turbatosque
1415 1330 1596 1390 hostes,
1644 1333 1698 1384 ὃζ

244 1417 304 1471 ad
332 1417 561 1490 primum
594 1413 852 1479 incursum
890 1411 1289 1486 conjetstumque
1316 1411 1530 1467 telorurri
1564 1428 1702 1465 aver-

249 1497 346 1559 s05‚
386 1494 539 1569 usque
565 1494 625 1550 ad
660 1493 798 1548 littus
825 1511 950 1548 cum
974 1491 1135 1548 multa
1165 1493 1298 1548 caede
1322 1491 1705 1567 persequuntur.

251 1596 367 1640 nee,
406 1577 499 1631 nifi
541 1593 693 1631 naves
727 1575 880 1630 littori
907 1573 1118 1649 appulsae
1142 1574 1361 1647 trepidos
1392 1573 1709 1646 accepissent,

250 1657 563 1734 superfuisset
598 1675 784 1733 pugnae
830 1669 915 1711 aut
948 1655 1085 1731 fugae
1124 1656 1412 1730 quisquam.
1460 1665 1467 1669 “
1500 1657 1562 1709 In
1592 1655 1709 1728 ipfis

256 1759 463 1815 quoque
501 1739 808 1813 trepidatum
851 1735 1057 1792 navibus
1085 1739 1172 1799 est,
1223 1738 1370 1799 dum,
1426 1754 1492 1790 ne
1526 1735 1712 1798 hostes,

256 1841 383 1877 cum
416 1819 514 1875 suis
532 1819 682 1874 simul
707 1821 1061 1893 irrumperent,
1086 1817 1292 1875 trahunt
1316 1816 1462 1873 scalas
1489 1813 1713 1895 orasque,

259 1907 329 1961 &⁴
360 1901 624 1964 anchoras,
678 1919 741 1955 ne
778 1902 831 1955 in
878 1898 1138 1955 moliendo
1170 1919 1318 1955 mora
1357 1898 1491 1962 esset,
1542 1901 1715 1975 praeci-

259 1986 408 2041 dunt.
442 1983 694 2057 multique
714 1982 946 2037 adnantes
975 1981 1205 2045 navibus,
1234 1982 1430 2039 incerto
1454 1999 1558 2055 prae
1577 1996 1716 2037 tene-

199 2128 209 2132 *
259 2056 361 2121 biis
398 2065 520 2140 quid
555 2079 642 2120 aut
678 2080 903 2139 peterent
943 2078 1028 2118 aut
1072 2064 1306 2125 vitarent,
1344 2059 1487 2117 foede
1523 2063 1719 2119 interie-

257 2162 399 2203 runt.
482 2147 690 2201 Postero
721 2147 800 2201 die
824 2163 984 2219 quum
1015 2143 1172 2209 claffis
1199 2145 1316 2198 inde
1338 2160 1474 2198 retro
1504 2145 1562 2198 ad
1585 2149 1720 2203 Oce-

264 2247 443 2289 anum,
482 2227 614 2281 unde
644 2240 863 2287 venerat,
906 2224 1125 2300 fugisset,
1164 2226 1226 2280 ad
1255 2225 1583 2300 offingentos
1626 2224 1722 2279 ho-

263 2311 433 2377 mines
455 2307 567 2363 caesi
588 2309 716 2362 inter
740 2324 951 2362 murum
975 2303 1226 2382 littusque,
1272 2310 1325 2365 ὃῑ
1351 2306 1412 2362 ad
1436 2307 1543 2363 duo
1572 2306 1729 2363 millia

266 2408 537 2449 armorum
563 2404 780 2445 inventa.
860 2455 866 2463 ¹

351 2475 635 2528 XXXVII.
680 2475 840 2548 Mago
866 2479 1031 2544 quum
1048 2469 1231 2527 Gadeis
1256 2468 1517 2545 repetiflet,
1555 2468 1726 2527 exclu-

272 2552 355 2611 sus
382 2555 515 2616 inde,
565 2555 623 2609 ad
661 2553 895 2607 Cimbim
935 2554 1095 2627 (haud
1132 2553 1310 2627 procul
1351 2551 1378 2609 a
1418 2552 1644 2608 Gadibus
1687 2555 1730 2608 is

272 2636 415 2693 locus
446 2634 606 2714 abest)
637 2634 777 2691 classe
801 2633 1018 2709 appulsa,
1063 2634 1324 2689 mittendis
1366 2634 1558 2711 legatiS,
1608 2654 1730 2709 que-

275 2718 533 2791 rendoque
560 2715 697 2793 qubd
720 2732 881 2791 portae
910 2714 999 2770 fibi
1022 2715 1163 2772 socio
1187 2731 1336 2791 atque
1363 2717 1536 2772 amico
1561 2716 1736 2773 clausae

279 2799 467 2859 forent,
509 2798 840 2876 purgantibus
870 2798 944 2858 iis,
1000 2797 1337 2854 multitudinis
1368 2798 1621 2855 concursu
1659 2799 1737 2855 fa·-

275 2881 451 2942 ἂωῃ,
492 2879 683 2956 infestae
709 2880 777 2935 ob
808 2880 995 2954 direpta
1030 2879 1266 2955 quaedam
1289 2879 1376 2936 abs
1400 2878 1738 2949 conseenden-

276 2960 416 3022 tibus
446 2979 603 3022 naves
632 2962 889 3029 militibu5‚
927 2963 1006 3021 'ad
1042 2961 1372 3040 coll'oquium·
1401 2961 1617 3021 suffetes
1652 2983 1745 3019 eo—

1602 3064 1724 3104 rum
