2063 3607
592 294 655 357 L
701 294 726 355 1
763 292 818 356 Β
856 290 918 355 Ε
954 290 1018 355 R
1098 287 1392 355 XXXII.
1608 294 1727 369 267

270 418 495 481 quorum
534 399 742 476 quidem
784 417 886 477 ego
914 397 1012 476 legi
1048 396 1266 460 annalem
1314 393 1438 457 nihil
1474 414 1738 455 memora-

271 486 368 540 bile
391 483 420 540 ὲ
445 481 596 540 Villio
616 482 814 542 aetum,
854 483 1212 555 integrumque
1248 477 1434 535 bellum
1474 477 1757 554 insequen-.

274 581 383 622 tem
411 562 674 619 consulem
706 566 775 619 T.
800 563 1078 635 Quintium
1115 559 1356 636 accepisse
1383 560 1604 616 tradunt.

352 647 477 701 VII.
514 649 661 701 Dum
692 640 804 698 haec
836 646 891 697 in
919 642 1221 697 Macedonia
1256 654 1518 716 geruntur,
1562 629 1738 696 consul

274 725 396 783 alter
440 730 502 782 L.
533 723 797 785 Lentulus,
834 723 925 797 qui
957 727 1150 780 Romae
1190 720 1488 784 substiterat,
1525 722 1742 777 comitia

281 805 567 862 censoribus
614 805 833 863 creandis
877 803 1069 861 habuit.
1149 800 1326 858 Multis
1351 801 1488 859 claris
1524 802 1742 876 petenti-

282 888 376 942 bus
413 887 531 955 viris
572 886 718 941 creati
762 883 986 940 censores
1024 887 1082 940 Ρ.
1107 881 1373 940 Cornelius
1406 883 1579 958 Scipio
1606 883 1746 939 Afri-

281 986 437 1025 canus
469 971 524 1024 &
558 969 617 1023 Ρ.
651 963 810 1020 AElius
840 966 1024 1021 Paetus.
1058 963 1120 1019 hix
1144 965 1493 1039 magnainter
1529 963 1578 1019 se
1614 983 1744 1021 con·-

282 1048 450 1104 cordia
490 1050 542 1103 &1
586 1045 817 1101 senatum
864 1045 965 1100 fine
1007 1044 1152 1101 ullius
1190 1059 1316 1102 nota
1358 1044 1626 1120 legerunt:
1686 1050 1744 1103 8:
1838 1039 1860 1048 ‘

278 1127 506 1203 portoria
530 1126 786 1188 venalium
815 1127 1025 1199 Capuae,
1062 1125 1374 1200 Puteolisque
1392 1127 1530 1181 'item
1558 1120 1745 1182 castro·
1797 1146 1803 1168 ι
1839 1168 1848 1180 x

281 1228 403 1266 tum
442 1209 750 1283 portorium,
802 1225 913 1281 quo
954 1207 1009 1261 in
1050 1205 1167 1262 loco
1206 1225 1347 1262 nunc
1372 1207 1625 1281 oppidum
1642 1209 1750 1269 est,

283 1290 553 1347 fruendum
596 1287 828 1344 locarunt
866 1309 879 1342 :
937 1286 1247 1361 colonosque
1287 1285 1351 1343 eo
1378 1302 1632 1358 trecentos
1650 1290 1690 1358 ,(
1706 1289 1749 1349 is

284 1371 427 1426 enim
458 1387 696 1426 numerus
724 1369 900 1424 finitus
923 1367 987 1423 ab
1016 1367 1187 1424 senatu
1212 1370 1336 1439 erat)
1372 1366 1753 1442 adscripserunt,

286 1456 341 1509 δε
370 1450 460 1506 sub
475 1449 659 1507 Tifatis
674 1451 863 1523 Capuae
882 1461 1064 1523 agrum
1090 1449 1440 1504 vendiderunt.
1469 1449 1593 1504 »Sub
1604 1449 1753 1507 idem

287 1545 497 1604 tempus
524 1535 584 1585 L.
612 1528 831 1585 Manlius
856 1528 1098 1584 Acidinus
1136 1549 1198 1585 ex
1225 1528 1464 1604 Hispania
1490 1530 1755 1596 decedenS,

288 1611 572 1688 prohibitus
606 1606 635 1666 ὲ
681 1612 756 1664 Μ.
791 1610 974 1665 Porcio
1014 1615 1161 1666 Laeca
1211 1609 1418 1666 tribuno
1457 1609 1632 1684 plebis,
1649 1634 1657 1641 ·
1675 1630 1754 1668 vnee

288 1710 449 1748 ovans
480 1691 676 1753 rediret,
716 1708 884 1765 quum
925 1689 987 1746 ab
1024 1689 1198 1747 senatu
1229 1690 1755 1767 impetrfisset‚·priva·

288 1787 372 1831 tus
396 1771 577 1828 urbem
609 1772 891 1848 ingrediens
919 1770 1054 1826 mille
1079 1773 1296 1828 ducenta
1326 1772 1500 1846 pondo
1540 1775 1756 1849 argenti,

291 1855 500 1932 triginta
527 1853 703 1927 pondo
732 1852 896 1907 ferme
936 1854 1044 1908 auri
1076 1853 1130 1909 in
1171 1854 1402 1909 aerarium
1443 1851 1573 1910 tulit.
1633 1857 1757 1913 'Eo-

293 1936 415 1992 dem
442 1952 580 1989 anno
611 1934 712 1989 Cn.
737 1933 932 1989 Baebius
966 1931 1287 2012 Tamphilus,
1348 1935 1437 2009 qui
1465 1934 1528 1989 ab
1557 1937 1758 1993 C.·Au-

288 2015 412 2073 relio
440 2013 640 2071 consule
664 2014 782 2069 anni
802 2011 981 2087 prioris
1004 2015 1319 2089 provinciam
1349 2013 1569 2071 Galliam
1614 2034 1759 2075 acce·

292 2107 454 2173 perat,
491 2109 682 2152 temere
720 2095 964 2171 ingreffus
991 2094 1258 2171 Gallorum
1296 2088 1584 2152 Insubrium
1611 2098 1760 2161 fines,

294 2175 457 2254 prope
487 2193 611 2233 cum
652 2178 770 2232 to'to
808 2177 1028 2232 exercitu
1063 2177 1136 2232 est
1176 2177 1576 2235 circumventus.
1610 2178 1760 2254 supra

298 2258 385 2315 sex
419 2257 659 2325 millia&
700 2255 960 2313 sexcentos
997 2256 1184 2312 milites
1206 2257 1390 2313 amifit.
1428 2270 1564 2314 tanta
1601 2277 1665 2315 ex
1695 2278 1763 2317 eo

301 2338 446 2403 bello,
485 2338 626 2413 quod
659 2338 767 2411 jam
795 2339 965 2394 timeri
988 2337 1212 2401 desierat,
1248 2337 1411 2394 clades
1440 2355 1648 2415 accepta
1672 2343 1766 2400 est.

300 2425 376 2479 Ea
401 2438 480 2476 res
506 2425 568 2476 L.
594 2416 870 2475 Lentulum
899 2418 1164 2477 consulem
1185 2419 1248 2476 ab
1274 2419 1398 2475 urbe
1431 2421 1634 2478 excivit.
1674 2423 1767 2497 qui

303 2515 363 2557 ut
389 2502 444 2557 in
466 2500 786 2575 provinciam
823 2501 964 2557 venit
1002 2499 1206 2577 plenam
1248 2499 1522 2565 tumultus,
1565 2504 1767 2576 trepido

302 2584 534 2660 exercitu
568 2595 798 2657 accepto,
846 2579 1137 2661 praetorem,
1182 2581 1357 2639 multis
1383 2583 1578 2658 probris
1604 2585 1770 2641 inere·

305 2665 497 2740 pitum,
546 2663 810 2737 provincia
846 2659 1099 2726 decedere,
1166 2677 1327 2739 atque*
1356 2663 1494 2720 abire
1525 2667 1769 2723 Romam

310 2743 469 2819 juffit.
552 2747 736 2819 Neque
778 2744 879 2819 ipse
913 2744 1088 2802 consul
1121 2744 1453 2802 memorabile
1490 2747 1773 2826 quicquam

311 2824 478 2903 geffit,
515 2825 850 2896 comitiorum
888 2826 1049 2885 caussa
1081 2831 1317 2883 Romam
1340 2842 1627 2894 revocatus,
1661 2848 1779 2905 quae

312 2906 417 2982 ipsa
446 2923 535 2982 per
568 2909 645 2960 M.
669 2902 906 2964 Fulvium
936 2912 991 2965 ὃῑ
1022 2909 1263 2975 Manium
1294 2909 1517 2966 Curium
1547 2912 1783 2968 tribunos

313 2984 480 3064 plebis
523 2986 925 3063 impediebantur
953 3010 966 3045 z
1006 2989 1146 3065 quod
1184 2992 1256 3051 Τ.
1280 2991 1563 3067 Quintium
1599 2991 1787 3051 Flami·

981 3075 1043 3130 M
1087 3092 1118 3129 2
1595 3076 1788 3133 ninum
