2063 3607
352 300 475 387 388
825 289 1382 391 T.L1v11‚

345 409 583 487 priusque
610 405 788 464 omnia
816 405 949 479 cepit
971 401 1129 479 quam
1157 401 1205 458 se
1240 383 1518 475 reciperent
1547 392 1804 457 Lacetani.

351 511 482 548 mox
507 491 656 566 ipsos,
695 486 818 543 nihil
850 498 1026 563 praeter
1053 502 1194 540 arma
1215 482 1471 546 habenteS,
1513 481 1566 536 in
1590 480 1806 537 deditio·

350 592 473 630 nem
502 571 715 645 accepit.

434 652 589 709 XXI,
630 647 922 704 Confestim
967 645 1085 700 inde
1118 644 1286 699 victor
1324 643 1385 700 ad
1422 643 1671 720 Vergium
1716 660 1801 697 ca·

348 737 515 791 strum
540 733 699 788 ducit.
748 725 1123 802 receptaculum
1164 726 1213 781 id
1242 721 1472 780 maxime
1500 724 1802 797 praedonum

349 831 482 873 erat:
528 811 726 871 &inde
753 809 1065 866 incurfiones
1089 809 1144 861 in
1171 825 1320 882 agros
1345 819 1551 879 pacatos
1593 800 1804 878 provin·
1884 837 1896 843 -

352 898 445 953 ciae
484 895 595 967 ejus
635 891 838 949 fiebant.
947 886 1246 963 Transfugit
1288 887 1402 940 inde
1437 885 1499 939 ad
1538 883 1797 940 consulem

349 978 585 1052 princeps
613 973 946 1047 Vergestanus
971 992 983 1024 :
1047 972 1101 1025 δε
1131 985 1340 1044 purgare
1371 965 1421 1020 se
1454 984 1512 1020 ac
1540 964 1805 1038 populares

352 1058 534 1130 coepit.
636 1057 765 1110 Non
805 1051 904 1106 efle
942 1051 995 1104 in
1034 1067 1193 1103 manu
1250 1049 1366 1120 ipfis
1417 1044 1804 1117 rempublicam.

349 1139 613 1213 praedones
638 1146 866 1207 receptos
892 1143 1066 1187 totum
1099 1128 1198 1183 suae
1226 1127 1481 1201 potestatis
1504 1127 1553 1181 id
1586 1128 1803 1182 castrum

349 1219 537 1274 fecisse.
618 1213 809 1270 Consul
829 1231 951 1268 eum
981 1211 1205 1265 domum
1232 1208 1407 1268 redire,
1459 1207 1681 1262 conficta
1724 1203 1810 1261 ali-

351 1317 453 1374 qua
488 1294 730 1375 probabili
768 1313 859 1349 cur
901 1290 1126 1348 abfuiffct
1164 1289 1343 1350 caussa,
1385 1287 1546 1359 juffit.
1624 1291 1807 1361 Quum

351 1380 402 1435 se
427 1396 607 1435 muros
634 1375 806 1431 subifle
831 1387 1070 1432 cerneret,
1112 1367 1432 1443 intentosque
1460 1368 1719 1441 praedones
1746 1366 1807 1421 ad

352 1461 539 1518 tuenda
568 1457 765 1513 moenia
792 1455 915 1517 esst-3
977 1467 1096 1508 tum
1143 1448 1219 1506 uti
1262 1468 1384 1505 cum
1432 1447 1532 1503 suae
1576 1447 1811 1503 factionis

352 1540 653 1597 hominibus
702 1535 1013 1592 meminiffet
1058 1551 1228 1587 arcem
1270 1547 1537 1604 occupare.
1612 1529 1686 1591 Id,
1730 1525 1809 1583 uti

350 1635 674 1697 praeceperat,
715 1618 935 1673 faC’tum.
1015 1618 1246 1685 Repente
1271 1630 1454 1684 anceps
1483 1624 1660 1671 terror,
1687 1608 1811 1664 hinc

357 1722 537 1758 muros
580 1697 954 1756 ascendentibus
997 1695 1269 1754 Romanis,
1319 1691 1453 1746 illinc
1495 1708 1605 1745 arce
1647 1703 1813 1762 capta,

356 1783 586 1840 barbaros
630 1779 970 1838 circumvafit.
1050 1775 1217 1847 Hujus
1256 1773 1446 1848 potitus
1485 1770 1584 1825 loci
1621 1768 1813 1832 consul,

358 1884 449 1923 cos
479 1866 569 1939 qui
601 1879 769 1919 arcem
802 1873 1082 1918 tenuerant,
1121 1854 1298 1910 liberos
1332 1854 1427 1908 este
1458 1870 1582 1908 cum
1623 1868 1815 1926 cogna-

361 1948 443 2008 tis,
479 1946 663 2019 suaque
693 1941 872 1997 habere
894 1938 1063 2012 juffit:
1108 1936 1445 2011 Vergestanos
1469 1948 1659 1987 ceteros
1674 1950 1816 2006 quae-

361 2027 481 2084 stori
522 2038 579 2081 ut
610 2025 861 2084 venderet,
911 2018 1205 2091 imperavit:
1263 2015 1325 2068 de
1347 2012 1670 2088 praedonibus
1699 2013 1814 2086 sup·

361 2107 573 2183 plicium
595 2104 828 2176 sumpfit.
903 2104 1085 2155 Pacata
1110 2096 1386 2170 provincia,
1424 2092 1686 2168 vestigalia
1704 2112 1815 2148 ma-

362 2208 470 2265 gna
493 2188 708 2242 instituit
737 2202 797 2239 ex
825 2180 1036 2238 ferrariis
1052 2173 1451 2254 argentariisque‚
1490 2172 1673 2247 quibus
1696 2188 1814 2229 tum

362 2270 603 2325 institutis
630 2264 926 2339 locupletior
954 2260 1112 2316 indies
1142 2257 1403 2332 provincia
1428 2254 1543 2310 fuit.
1622 2254 1706 2311 Ob
1729 2254 1819 2310 has

363 2369 447 2406 res
477 2351 637 2424 gestas
666 2348 721 2400 in
752 2342 1004 2420 Hispania,
1045 2338 1461 2415 supplicationem
1496 2335 1550 2389 in
1586 2337 1816 2413 triduum

371 2434 540 2486 Patres
567 2429 912 2483 decreverunt.

450 2513 630 2568 XXII.
681 2508 870 2563 Eadem
915 2505 1084 2560 aestate
1119 2500 1237 2557 alter
1271 2498 1443 2558 confiss
1497 2505 1560 2558 L.
1597 2494 1830 2553 Valerius

369 2590 576 2648 Flaccus
604 2592 657 2644 in
683 2588 841 2646 Gallia
868 2602 990 2643 cum
1026 2585 1277 2656 Bojorum
1310 2601 1472 2638 manu
1501 2592 1705 2654 propter
1735 2580 1822 2634 Li-

368 2689 545 2732 tanam
575 2671 748 2727 filvam
775 2669 929 2744 fignis
958 2664 1145 2720 collatis
1173 2663 1394 2720 secundo
1425 2661 1609 2735 proelio
1640 2661 1826 2714 confli-

369 2753 465 2812 xit.
541 2753 685 2810 Otito
713 2750 868 2805 millia
889 2744 1153 2803 Gallorum
1186 2744 1304 2801 caess
1337 2745 1596 2800 traduntur
1622 2761 1634 2794 ι
1675 2741 1827 2797 ceteri

371 2835 561 2890 omisso
586 2832 714 2890 bello
737 2833 790 2887 in
808 2833 949 2885 vicos
975 2827 1089 2882 suos
1113 2840 1263 2900 atque
1285 2844 1432 2901 agros
1451 2822 1638 2896 dilapfi.
1676 2822 1822 2875 Con-

369 2915 443 2973 sul
469 2917 718 2991 reliquum
748 2912 926 2969 aestatis
953 2909 1087 2963 circa
1113 2908 1309 2964 Padum
1338 2904 1595 2960 Placentiae
1619 2909 1670 2959 &
1702 2904 1826 2956 Cre-

373 3013 551 3057 monae
595 2996 877 3053 exercitum
925 2988 1119 3053 habuit,
1175 2987 1487 3062 restituitque
1524 2984 1718 3061 quaein
1765 2984 1824 3038 iis

1675 3064 1821 3140 oppi-
