2063 3607
385 290 511 355 424
835 267 1401 339 T.L1V11

377 397 593 439 motum
655 379 934 439 nunciaret.
1030 383 1322 440 Provincias
1377 383 1555 440 deinde
1610 386 1837 445 consules

371 463 528 540 prius,
584 477 701 520 tum
743 479 978 537 praetores
1018 463 1196 522 sortiti.
1294 464 1559 522 Cornelius
1603 469 1840 534 Galliam,

373 548 635 602 Minucius
667 546 876 620 Ligures
917 544 1079 600 sortiti
1118 546 1250 602 sunt.
1332 548 1396 603 C.
1432 547 1724 607 Scribonius
1755 571 1841 607 ur-

372 625 578 688 banam,
624 630 701 683 M.
729 624 949 682 Valerius
987 629 1327 703 peregrinam,
1384 633 1445 685 L.
1471 630 1737 688 Cornelius
1762 633 1838 688 Si-

372 707 559 770 ciliam,
602 712 664 764 L.
689 707 897 761 Porcius
929 708 1226 771 Sardiniam,
1266 710 1329 764 C.
1362 708 1633 768 Flaminius
1662 709 1837 787 Hispa·

371 791 515 844 niam
557 789 862 852 citeriorem,
933 792 1012 846 M.
1058 789 1261 845 Fulvius
1304 789 1601 865 Hispaniam
1637 792 1840 852 ulterio-

379 889 515 927 rem.

459 954 601 1007 LVI.
641 949 786 1007 Nihil
811 950 920 1007 belli
947 971 1012 1007 eo
1046 971 1184 1009 anno
1206 953 1611 1027 exspestantibus
1653 956 1835 1013 consu-

368 1030 517 1095 libus,
559 1034 709 1088 literae
743 1037 820 1088 Μ.
847 1034 1013 1089 Cincii
1055 1033 1357 1108 (praefeaus
1388 1035 1506 1091 Pifis
1538 1041 1677 1112 erat)
1726 1039 1838 1095 alla-

376 1128 442 1171 tae
466 1136 479 1170 ε
518 1117 760 1187 Ligurum
786 1116 968 1186 viginti
989 1117 1144 1171 mtllia
1168 1133 1496 1179 armatorum,
1516 1121 1839 1197 conjuratione

369 1210 460 1272 per
482 1200 644 1251 omnia
663 1197 971 1251 conciliabula
996 1199 1229 1270 univetsae
1257 1201 1415 1269 gentis
1440 1198 1604 1273 falia,
1643 1209 1837 1257 Lunen-

362 1280 475 1353 sem
502 1273 718 1351 primicm
752 1296 929 1347 agrum
956 1280 1270 1353 depopulatos,
1310 1281 1541 1352 Ptsanum
1578 1283 1742 1338 deinde
1763 1284 1837 1355 fi-

375 1377 487 1414 nem
533 1359 865 1432 transgreffos‚
934 1378 1124 1413 omnem
1179 1380 1316 1415 oram
1359 1363 1509 1415 maris
1551 1362 1841 1439 peragrdffi.

373 1443 550 1515 Itaque
580 1442 841 1494 Minucms
867 1439 1058 1502 consul,
1099 1442 1180 1495 cui
1208 1442 1415 1516 Ligures
1441 1444 1699 1515 provincia
1720 1464 1837 1500 eve-

372 1535 528 1582 nerat,
582 1539 644 1575 ex
689 1522 985 1576 austoritate
1019 1524 1230 1577 Parrum
1265 1542 1317 1577 in
1358 1524 1541 1580 Rostra
1576 1524 1834 1583 ascendit:

376 1607 432 1659 δε
456 1603 627 1663 edixit,
684 1617 743 1656 ut
775 1601 996 1678 legiones
1021 1603 1134 1659 duae
1174 1603 1389 1666 urbanae,
1437 1623 1550 1679 quae
1590 1605 1840 1682 superiore

377 1703 514 1739 anno
543 1682 835 1757 conscriptae
873 1685 1045 1747 essent,
1080 1687 1193 1757 post
1218 1686 1355 1740 diem
1388 1687 1652 1743 decimum
1690 1693 1835 1743 Arre-

372 1766 428 1821 tii
459 1764 692 1821 adessent.
728 1783 779 1819 ιη
805 1784 979 1820 earum
1010 1765 1186 1821 locum
1209 1766 1259 1822 se
1293 1768 1413 1823 duas
1444 1764 1666 1843 legiones
1692 1769 1838 1827 urba-

371 1866 464 1904 nas
496 1848 820 1920 scripturum.
855 1849 983 1903 item
1011 1849 1157 1903 {ociis
1185 1854 1237 1906 &
1272 1850 1437 1905 Latini
1466 1850 1694 1907 nominis
1723 1871 1836 1908 ma-

373 1928 678 2004 gistratibus,
727 1928 998 2003 legatisque
1027 1948 1230 1992 eorum,
1282 1932 1371 2004 qui
1398 1930 1581 1989 milites
1606 1934 1722 1989 dare
1751 1934 1837 1988 de·-

373 2010 575 2070 bebant,
615 2010 786 2069 edixit,
843 2030 899 2066 ur
926 2012 977 2064 in
1009 2012 1268 2084 Capitolio
1295 2011 1344 2066 se
1381 2014 1590 2071 adirent.
1668 2019 1746 2072 Ex
1778 2015 1837 2071 iis

356 2092 669 2167 ‚quindecim
720 2090 873 2146 millia
919 2092 1152 2166 peditum
1200 2098 1253 2150 &
1298 2095 1603 2170 quingentos
1645 2096 1838 2170 equites

372 2193 468 2248 pro
495 2192 718 2228 numero
753 2172 998 2248 cujusque
1030 2175 1300 2245 juniorum
1326 2175 1579 2252 descripsit
1607 2203 1622 2233 .-
1673 2182 1728 2234 ὅῑ
1757 2178 1836 2232 in·

374 2256 437 2310 de
468 2253 498 2310 ἐ
528 2253 781 2328 Capitolio
811 2258 1043 2330 protinus
1074 2256 1144 2311 ire
1176 2257 1237 2310 ad
1267 2272 1470 2330 portam
1498 2280 1512 2322 3
1559 2263 1612 2316 &
1640 2271 1698 2313 ut
1726 2276 1837 2315 ma-

369 2351 617 2392 turaretur
647 2355 739 2399 reS,
782 2336 1034 2410 proficisci
1060 2339 1120 2393 ad
1151 2336 1402 2393 delectum
1434 2339 1592 2412 juffit.
1659 2340 1838 2396 Fulvio

371 2417 726 2491 Flaminioque
750 2430 891 2474 terna
920 2416 1075 2473 millia
1106 2422 1474 2475 Romanorum
1500 2422 1752 2495 peditum,
1780 2427 1837 2480 &

375 2501 575 2556 centeni
612 2499 807 2573 equites
840 2501 893 2553 in
923 2499 1355 2574 supplementum,
1400 2507 1454 2559 &
1486 2504 1639 2577 quina
1680 2501 1837 2559 millia

374 2579 577 2640 socium
607 2580 770 2636 Latini
797 2583 1045 2643 nominis,
1096 2588 1150 2639 ὅτ,
1178 2584 1356 2640 duceni
1391 2584 1581 2658 equites
1606 2585 1791 2642 decreti
1820 2607 1835 2641 x

367 2665 779 2736 mandatumque
817 2662 1133 2738 praetoribu3‚
1185 2680 1243 2720 ut
1291 2681 1480 2721 veteres
1523 2667 1840 2723 dimitterent

368 2742 573 2808 milite8‚
635 2763 800 2818 quum
841 2745 894 2800 in
943 2746 1262 2819 provinciam
1309 2748 1570 2806 venissent.
1648 2751 1836 2824 Quum

369 2826 576 2889 milite3‚
618 2826 708 2898 qui
733 2828 785 2880 in
809 2826 1093 2903 legionibus
1129 2829 1327 2884 urbanis
1357 2844 1511 2892 erant,
1551 2828 1839 2904 frequentes

365 2907 596 2962 tribunos
634 2905 857 2984 plebejos
885 2908 1106 2973 ad‘iflenss
1150 2908 1226 2967 uti
1255 2913 1443 2968 cauflas
1469 2910 1838 2988 cognoscerent

365 3007 570 3054 eorum,
621 2989 800 3066 quibus
843 3004 929 3049 aut
955 2991 1165 3052 emerita
1188 2992 1448 3071 stipendia,
1499 3008 1586 3054 aut
1623 2992 1836 3051 morbus

1660 3075 1833 3132 cauffae
