2063 3607
325 264 448 352 338
781 262 1334 331 T.L1V1'1

316 377 461 439 fausti,
492 379 546 433 &
572 370 738 430 laetius
763 386 970 447 propter
998 391 1075 427 res
1101 372 1228 428 bello
1253 373 1378 429 bene
1402 372 1560 450 gestas
1582 371 1778 450 spe<sta³

314 461 355 518 ti
386 481 397 514 :
437 459 636 532 totique
668 471 740 511 ter
768 454 1041 517 instaurati,
1081 451 1261 527 plebeji
1296 454 1472 529 septies
1510 456 1780 515 instaurati.

312 538 503 597 Acilius
528 535 752 600 Glabrio,
791 536 858 591 C.
884 533 1061 591 Laelius
1083 553 1172 590 eos
1198 534 1339 590 ludos
1369 534 1614 595 fecerunt.
1697 542 1776 596 Ex

311 636 526 699 argento
552 616 873 674 muletaticio
902 617 991 671 tria
1013 615 1153 693 signa
1183 635 1318 671 aenea
1342 618 1529 680 Cereri,
1570 619 1778 675 Libero-

314 724 434 778 que,
479 707 533 759 &
561 700 750 757 Liberae
770 696 1062 772 posuerunt.
1144 702 1204 754 L.
1226 698 1401 752 Furius
1433 703 1488 756 ὅῑ
1516 703 1593 756 M.
1621 699 1777 756 Clau-

312 787 425 842 dius
458 780 735 842 Marcellus,
796 777 1055 835 consulatu
1081 777 1229 841 inito,
1275 798 1440 854 quum
1471 780 1533 835 de
1568 782 1777 856 provin-

314 868 406 924 ciis
435 878 679 940 ageretur,
723 865 776 920 &
813 860 1009 916 Italiam
1042 860 1242 934 utrique
1276 862 1596 935 provinciam
1639 861 1776 918 sena-

314 962 400 1004 tus
429 948 752 1006 decerneret3
809 955 867 999 ut
898 942 1256 997 Macedoniarn
1297 959 1419 996 cum
1453 943 1589 997 Italia
1626 942 1772 998 sorti-

310 1045 503 1091 rentur,
557 1024 809 1101 petebant.
894 1020 1158 1078 Marcellus
1213 1015 1485 1096 provinciae
1530 1024 1778 1100 cupidior,

312 1130 497 1186 pacem
525 1106 811 1165 simulatam
842 1122 901 1159 ac
938 1102 1167 1158 fallacem
1204 1105 1434 1165 dicendo,
1489 1105 1543 1160 ὃς
1578 1103 1777 1161 rebella·

315 1209 513 1255 turum,
563 1190 602 1245 fi
641 1187 887 1243 exercitus
921 1184 1038 1240 inde
1076 1184 1367 1257 deportatus
1398 1184 1533 1247 effet,
1572 1203 1767 1261 regem,

308 1274 494 1331 dubios
524 1270 779 1328 sententiae
816 1270 982 1322 Patres
1011 1264 1212 1322 fecerat.
1305 1270 1371 1322 Ec
1399 1263 1604 1321 forsitan
1643 1267 1776 1322 obti-

312 1356 531 1412 nuiflent
573 1348 818 1409 consules,
876 1346 930 1402 ni
971 1349 1062 1422 Q
1084 1347 1305 1401 Marcius
1336 1348 1451 1401 Rex
1491 1350 1545 1404 &
1579 1348 1644 1403 C.
1668 1348 1775 1403 Ati-

315 1440 430 1493 nius
451 1435 632 1498 Labeo,
659 1429 843 1487 tribuni
868 1427 1042 1503 plebis,
1071 1424 1119 1480 ie
1143 1427 1492 1483 intercessuros
1512 1426 1772 1483 dixissent:

315 1520 369 1575 ni
398 1516 531 1593 prius
560 1516 650 1588 ipfi
680 1513 738 1568 ad
764 1509 963 1584 plebem
992 1507 1228 1569 tuliffent,
1265 1507 1446 1564 vellent
1475 1508 1774 1581 juberentne

313 1619 441 1658 cum
470 1616 586 1676 rege
611 1592 848 1666 Philippo
874 1608 1054 1664 pacem
1081 1589 1194 1645 esse.
1277 1593 1349 1646 Ea
1375 1590 1574 1665 rogatio
1603 1591 1656 1644 in
1673 1591 1772 1647 Ca-

311 1680 494 1759 pitolio
533 1678 594 1734 ad
638 1674 838 1753 plebem
866 1671 960 1727 lata
984 1672 1075 1726 est.
1114 1688 1300 1726 omnes
1338 1669 1562 1745 quinque
1600 1673 1652 1728 &
1684 1671 1774 1726 tri-

312 1765 457 1841 ginta
480 1759 658 1821 tribus,
706 1750 783 1811 uti
826 1766 1030 1829 rogatae,
1091 1749 1355 1823 juffierunt.
1431 1755 1498 1808 Et
1522 1769 1630 1827 quo
1662 1768 1774 1808 rna—

313 1847 394 1923 gis
418 1861 598 1920 pacem
627 1853 793 1895 ratam
818 1835 915 1889 effe
946 1836 999 1888 in
1038 1832 1353 1910 Macedonia*
1370 1829 1525 1908 vulgo
1552 1832 1775 1888 laetaren-

312 1942 415 1991 tur,
458 1925 606 1981 tristis
639 1940 701 1976 ex
734 1914 970 1992 Hispania
997 1914 1212 1969 nuncius
1242 1913 1412 1969 allatus
1436 1911 1620 1976 effecit,
1662 1912 1775 1968 vul-

314 2024 549 2085 gataeque
583 2002 749 2061 literae,
801 2006 860 2054 G,
888 1997 1219 2073 Sempronium
1250 1997 1554 2050 Tuditanum
1580 2009 1773 2069 procon-

298 2091 466 2167 sulem
491 2092 540 2143 ἐπ
560 2085 774 2141 citeriore
795 2079 1024 2152 Hispania
1041 2076 1205 2152 proele'o
1233 2077 1422 2130 vidum
1447 2098 1464 2131 .·
1499 2078 1771 2132 exercitum

315 2176 418 2247 ess-:s
442 2170 625 2246 fusum
671 2163 1034 2239 fugatumque,
1093 2156 1160 2225 &a
1192 2157 1392 2229 illustres
1437 2157 1565 2212 viros
1591 2157 1642 2211 in
1670 2159 1773 2211 acie

312 2253 527 2328 aecidtffiae.
606 2248 922 2303 Tuditanum,
964 2257 1079 2294 cum
1105 2241 1263 2310 gravi
1284 2238 1487 2293 vulnere
1515 2238 1677 2292 latum
1704 2257 1770 2292 ex

308 2335 490 2413 praelio,
528 2329 666 2386 haud
697 2329 770 2381 ita
809 2323 964 2377 multo
1001 2318 1098 2394 pbst
1138 2318 1384 2394 expirdffie.
1464 2317 1770 2374 Consulibus

314 2412 566 2473 ambobus
589 2407 728 2468 Italia
758 2401 1019 2480 provincia
1054 2419 1177 2456 cum
1207 2400 1282 2454 his
1308 2399 1603 2475 legionibu3‚
1643 2417 1772 2474 quas

311 2496 584 2573 superiores
617 2485 851 2548 eonsules
877 2481 1171 2544 habuiffent,
1211 2480 1425 2543 decreta,
1466 2484 1519 2538 ὃς
1550 2493 1608 2537 ut
1647 2497 1772 2555 quae

311 2596 431 2646 tuor
470 2576 692 2652 legiones
727 2586 886 2623 novas
927 2562 1226 2626 scriberent3
1285 2562 1423 2625 duaS,
1476 2579 1613 2635 quae,
1663 2578 1771 2634 quo

310 2661 507 2719 senatus
533 2652 804 2714 censuiffet,
841 2649 1180 2708 mitterentur,
1223 2647 1277 2701 ὃς
1309 2648 1374 2699 Τ.
1393 2643 1632 2717 Qintius
1660 2640 1767 2697 Fla-

311 2744 541 2801 mininus
571 2754 693 2793 cum
719 2730 906 2788 duabus
930 2726 1210 2804 legionibus
1238 2725 1553 2799 provinciam
1584 2724 1770 2791 eodem

308 2824 532 2881 exercitu
568 2816 792 2874 obtinere
822 2812 997 2885 juffus.
1047 2805 1323 2885 imperium
1352 2804 1397 2859 ei
1431 2817 1771 2882 prorogatum

306 2908 423 2965 sanis
456 2907 567 2982 jam
598 2893 723 2960 ante}
740 2894 912 2952 videri.

1336 3051 1539 3111 XXVI,
1582 2995 1776 3130 Ρωιᾷῑ
