2063 3607
385 288 499 369 ε’
817 301 1355 368 T.L1V11

382 411 442 486 pi
471 408 679 484 superne
720 406 866 463 ferrei
904 406 1100 480 injusti,
1138 419 1198 463 ut
1226 406 1281 461 in
1306 399 1531 477 periculo
1561 404 1732 468 esseut,
1774 399 1840 459 if:
1868 400 1875 419 ³

387 489 606 565 suspensi
633 491 688 544 in
712 506 923 544 murum
955 487 1344 544 extraherentur.
1368 486 1519 561 Quod
1555 486 1641 542 ubi
1670 485 1839 541 anim-

379 570 605 627 advertit
650 570 838 644 Scipio,
889 570 1049 623 nimia
1081 569 1330 643 paucitate
1369 565 1579 622 suorum
1612 582 1839 638 exaequa-

379 663 508 708 tum
551 665 807 706 certamen
846 649 958 709 eisc,
999 653 1054 705 ὃς
1095 653 1203 721 jan]
1246 665 1310 702 eo
1350 645 1573 720 superare
1618 646 1839 705 hostem,

374 730 527 806 'quod
573 749 635 785 ex
672 747 828 784 muro
868 743 1147 805 pugnaret5
1200 726 1390 783 duabus
1423 725 1572 781 fimul
1601 722 1842 800 partibuS,

376 813 558 884 -prirria
578 823 790 883 recepta,
828 809 1009 865 urbem
1035 811 1107 864 est
1134 807 1407 885 aggressus,
1483 811 1612 881 Qae
1634 825 1710 861 res
1731 818 1843 860 tan-

393 886 508 947 tum
538 891 740 964 pavoris
769 890 944 962 injecit
960 887 1094 944 feffis
1117 890 1227 962 jam
1253 906 1377 945 cum
1406 886 1587 961 primis
1611 902 1844 961 pugnan-

395 972 484 1035 do,
521 986 580 1028 ut
611 975 666 1029 δι’.
702 971 942 1046 oppidani
978 971 1176 1026 moenia
1203 957 1464 1043 repentina
1501 965 1625 1042 fuga
1657 963 1846 1021 desere-

347 1098 356 1104 .
392 1066 532 1117 rent3
593 1056 649 1108 &
684 1052 941 1107 Punicum
978 1050 1284 1124 praefidium,
1341 1060 1505 1108 metu,
1559 1065 1624 1101 ne
1650 1045 1844 1120 prodita

396 1132 514 1189 urbs
541 1130 678 1192 effet,
712 1130 896 1186 relidiis
924 1129 1234 1192 stationibu3‚
1290 1129 1345 1182 in
1369 1144 1534 1183 unum
1564 1126 1613 1181 se
1641 1123 1845 1200 collige-

323 1231 332 1236 ‘
392 1227 487 1270 ret.
568 1213 757 1267 Timor
779 1212 895 1266 inde
923 1210 1204 1285 oppidanos
1231 1208 1443 1270 inceffit,
1494 1225 1577 1271 ne,
1625 1206 1664 1263 fi
1692 1204 1850 1260 hostis

397 1293 576 1350 urbem
606 1291 843 1352 intrasset,
886 1292 991 1348 fine
1017 1289 1322 1351 discrimine,
1365 1292 1557 1344 Poenus
1573 1304 1638 1343 an
1669 1284 1850 1359 Hispa·-

400 1393 499 1430 nus
539 1374 676 1434 esset,
719 1371 858 1427 obvii
893 1371 1075 1446 pasfim
1133 1370 1455 1426 caederentur.
1503 1368 1669 1442 itaque
1711 1379 1853 1439 pate·x

402 1455 542 1510 fasta
566 1466 769 1528 repente
792 1467 954 1528 porta,
990 1452 1273 1525 frequentes
1307 1468 1369 1505 ex
1411 1449 1602 1521 oppido
1627 1445 1724 1502 sese
1746 1447 1851 1516 eje-

393 1549 598 1597 cerunt,
637 1534 774 1588 scuta
793 1552 895 1606 prae
919 1531 971 1585 se
997 1545 1241 1592 tenentes,
1277 1547 1343 1584 ne
1364 1529 1457 1583 tela
1480 1526 1655 1601 procul
1685 1524 1854 1596 conji-

401 1632 663 1677 cerentur5
703 1615 896 1668 dextras
924 1612 1080 1667 nudas
1105 1612 1431 1669 ostentanteS,
1466 1619 1525 1662 ut
1553 1606 1742 1683 gladios
1765 1602 1853 1659 ab-

403 1695 573 1767 jecisse
616 1706 887 1768 appareret.
982 1692 1041 1746 Id
1083 1687 1254 1747 utrum
1296 1706 1477 1763 parum
1508 1705 1569 1741 ex
1594 1682 1855 1742 intervallo

406 1776 469 1831 fit
501 1773 858 1849 eonspestum,
911 1790 975 1828 an
1017 1768 1163 1827 dolus
1202 1768 1376 1842 aliquis
1404 1764 1854 1841 suspeetusfuerin

405 1858 788 1930 incompertum
828 1855 918 1910 est.
994 1854 1229 1926 Impetus
1266 1846 1454 1903 hostilis
1479 1848 1546 1908 ,in
1575 1847 1858 1919 transfugas

407 1935 601 1993 fastus:
647 1953 742 1989 nec
763 1932 920 1995 secus,
959 1929 1117 2007 quam
1142 1929 1344 1985 adversa
1367 1929 1513 1988 acies,
1553 1928 1683 1984 caefi.
1760 1929 1857 1980 Ea-

404 2018 630 2091 demque
652 2028 794 2089 porta
818 2015 958 2090 signa
982 2013 1160 2080 infesta
1183 2013 1237 2065 in
1259 2009 1438 2065 urbem
1469 2006 1622 2063 illata:
1664 2011 1721 2063 ὅτ.
1754 2003 1859 2061 aliis

404 2097 630 2173 partibus
657 2094 908 2151 securibus
936 2090 1247 2167 dolabrisque
1273 2089 1582 2147 caedebantur
1601 2092 1656 2144 δε
1682 2083 1863 2140 refrin-

408 2178 656 2253 gebantur
679 2189 856 2250 portae.
898 2179 952 2232 &
983 2188 1040 2228 ut
1065 2170 1273 2245 quisque
1303 2171 1565 2224 intraverat
1588 2183 1754 2239 eques,
1798 2157 1862 2217 ad

412 2257 588 2314 forum
618 2255 974 2327 occupandum
1003 2255 1092 2322 (ita
1119 2253 1259 2304 enim
1289 2262 1603 2323 praeceptum
1633 2247 1760 2314 erat)
1788 2243 1862 2297 ci·-

409 2351 521 2393 tato
562 2355 696 2410 equo
731 2333 983 2407 pergebat.
1076 2331 1323 2384 Additum
1365 2342 1467 2383 erat
1491 2331 1543 2382 &
1574 2325 1860 2381 triariorum

411 2417 569 2492 equiti
598 2415 902 2490 praefidium.
957 2410 1216 2486 legionarii
1260 2421 1442 2464 ceteras
1485 2419 1648 2480 partes
1688 2421 1863 2477 perva-

410 2498 566 2554 dunt:
608 2495 890 2568 direptione
914 2497 970 2550 ὅτ,
997 2493 1132 2547 caede
1174 2488 1467 2549 obviorum,
1525 2484 1742 2557 nifiqui
1785 2499 1865 2538 ar·

412 2579 516 2636 mis
557 2577 607 2633 se
645 2575 926 2634 tuebantur,
979 2571 1339 2627 abstinuerunt.
1393 2625 1397 2632 ι
1437 2561 1875 2641 Carthaginienses

410 2677 597 2716 omnes
626 2657 680 2712 in
708 2655 988 2711 custodiam
1021 2653 1124 2708 dati
1146 2651 1291 2705 sunt:
1335 2648 1706 2723 oppidanorum
1735 2662 1866 2718 quo-

411 2760 513 2816 que
544 2737 754 2795 trecenti
791 2737 970 2798 ferme,
1017 2734 1108 2806 qui
1138 2729 1408 2788 clauserant
1444 2736 1642 2803 portas‘:
1694 2725 1869 2780 ceteris
1917 2756 1923 2766 ι

413 2821 656 2878 traditum
683 2816 954 2892 oppidum,
1004 2812 1102 2868 suae
1126 2812 1326 2867 redditae
1365 2827 1459 2865 res,
1539 2806 1776 2863 Cecidere
1813 2806 1867 2858 in

415 2903 550 2960 urbis
577 2900 686 2972 ejus
712 2894 1099 2972 oppugnatione
1128 2892 1351 2947 hostiurn
1385 2890 1489 2945 duo
1513 2888 1670 2945 millia
1689 2887 1869 2947 ferme,

416 2987 784 3041 Romanorum
813 2976 943 3033 haud
974 2975 1086 3050 plus
1115 2972 1410 3049 nonaginta.
1502 3044 1509 3050 .

1581 3051 1681 3106 IV.
1724 3049 1868 3103 Laeta
