2063 3607
570 318 628 381 L
671 314 693 377 1
739 313 790 376 B
828 312 882 376 E
925 310 985 376 R
1066 306 1359 376 XXXII.
1592 304 1705 370 281

268 423 425 480 hastas
438 431 697 495 poterant:
719 422 792 479 ὃς,
808 416 849 472 fi
864 433 1023 491 quam
1038 414 1323 471 incidifl‘ent
1340 427 1426 469 aut
1448 409 1728 488 praefregiss-

268 504 393 566 sent,
421 497 590 557 hastile
618 497 912 574 fragmento
936 495 1047 571 ipfi)
1060 507 1213 552 acuto
1230 496 1360 550 inter
1385 492 1571 567 spicula
1595 491 1728 546 inte-

271 599 480 660 grarum
499 578 750 635 hastarum
769 577 905 634 velut
933 575 1122 635 vallum
1152 575 1396 651 explebat.
1436 573 1511 629 Ad
1540 571 1642 629 hoc
1670 576 1726 630 &

272 663 412 721 muri
434 679 547 736 pars
569 658 734 716 adhuc
750 660 943 735 integra
960 673 1169 733 utraque
1194 672 1302 713 tuta
1325 654 1584 730 praestabat
1607 651 1728 708 late-

269 762 353 800 ra:
387 761 482 798 nec
505 759 568 796 ex
591 739 752 816 longo
776 738 938 814 spatio
963 752 1049 795 aut
1074 738 1377 799 cedendum,
1401 750 1488 797 aut
1503 734 1759 809 impetus»

270 823 527 880 faciendus
545 835 666 877 erat.
681 838 795 895 quae
811 838 891 876 res
913 818 1328 879 turbareordines
1342 816 1481 877 solet.
1511 813 1733 873 Acceffit

275 905 429 968 etiam
448 902 750 959 formitates
766 901 827 956 ad
843 900 1041 958 animos
1057 917 1236 955 eorum
1262 898 1556 955 firmandos.
1599 912 1727 956 nam

272 1002 437 1060 quum
454 983 599 1040 turris
610 1000 699 1057 per
713 999 952 1058 aggerem
971 997 1157 1054 parum
1172 978 1357 1034 densati
1385 977 1474 1033 soli
1484 990 1731 1053 ageretur,

269 1077 383 1120 rota
405 1083 538 1125 una,
581 1062 634 1117 in
658 1060 887 1117 altiorem
921 1060 1138 1116 orbitam
1166 1059 1400 1133 depressa‚
1439 1059 1510 1113 ita
1540 1058 1729 1113 turrim

270 1144 550 1207 inclinavit,
587 1155 645 1198 ut
674 1141 891 1215 speciem
919 1142 1109 1196 ruentis
1145 1139 1389 1201 hostibuS,
1440 1138 1734 1212 trepidatio·-

272 1243 498 1299 nemque
537 1223 763 1280 infimam
794 1219 1186 1296 superstantibus
1213 1220 1419 1276 armatis
1452 1217 1734 1291 praebuerit.

353 1306 562 1362 va.
620 1308 802 1377 Qum
848 1320 1036 1377 parum
1087 1302 1366 1376 quicquam
1426 1299 1731 1361 succederet,

279 1384 464 1441 consul
479 1382 699 1441 minime
719 1401 867 1457 aequo
894 1385 1074 1438 animo
1114 1381 1555 1456 comparationem
1593 1376 1732 1434 mili-

274 1478 391 1524 tum
435 1464 633 1543 generis
656 1481 1025 1537 armorumque
1058 1464 1166 1519 fieri
1207 1461 1510 1537 patiebatur:
1580 1455 1733 1515 fimul

275 1565 373 1603 nec
409 1560 669 1602 maturam
724 1544 1051 1620 expugnandi
1101 1542 1245 1617 spem
1263 1583 1278 1605 ,
1334 1561 1432 1599 nec
1475 1540 1729 1597 rationem

272 1626 452 1702 procul
492 1624 521 1682 ὲ
558 1627 704 1688 mati,
756 1629 810 1681 &
847 1626 898 1678 in
937 1625 1164 1680 evastatis
1197 1623 1311 1678 belli
1345 1620 1564 1678 cladibus
1589 1619 1734 1683 locis,

273 1706 566 1763 hibernandi
592 1705 745 1762 ullam
773 1704 1018 1761 cernebat.
1057 1704 1226 1779 itaque
1253 1702 1428 1759 relista
1454 1702 1734 1764 obfidione,

275 1788 391 1864 quia
432 1786 595 1845 nullus
636 1787 690 1842 in
732 1801 840 1842 tota
884 1785 1174 1844 Acarnaniae
1214 1797 1365 1859 atque
1403 1782 1604 1842 AEtoliae
1641 1799 1731 1838 ora

273 1880 451 1945 portus
485 1883 616 1930 erat,
668 1868 760 1944 qui
797 1864 948 1922 fimul
989 1871 1046 1923 ὅτ,
1088 1884 1271 1922 omnes
1312 1866 1579 1928 onerariam,
1615 1881 1732 1938 quae

276 1963 635 2007 commeatum
666 1949 905 2005 exercitui
929 1947 1212 2022 portabant,
1255 1962 1469 2025 caperet,
1507 1951 1562 2004 ἃ.
1594 1946 1731 2001 tedia
1786 2002 1802 2009 ἱ

274 2030 338 2087 ad
369 2030 735 2088 hibernandum
762 2029 1039 2106 legionist
1069 2029 1334 2105 praeberem
1392 2028 1635 2102 Anticyra
1676 2027 1732 2080 in

224 2152 239 2165 .
273 2110 516 2172 Phocide,
552 2112 606 2166 in
633 2111 960 2167 Corinthium
992 2111 1131 2168 versa
1157 2112 1346 2173 finum,
1383 2111 1444 2167 ad
1464 2110 1512 2164 id
1540 2125 1735 2182 oppor-

276 2189 537 2247 tuniffime
565 2192 650 2247 fita
686 2191 806 2247 viia:
849 2193 967 2266 quia
994 2211 1090 2247 nec
1117 2191 1298 2264 procul
1322 2188 1585 2251 Thessalia,
1635 2185 1731 2242 ho-

275 2273 532 2346 stiumque
559 2270 679 2326 locis
709 2271 910 2328 abibant
919 2294 935 2335 3
1005 2276 1060 2328 &c
1088 2288 1151 2327 ex
1177 2270 1383 2326 adverso
1412 2269 1733 2343 Peloponne-

276 2351 391 2408 sum
417 2353 602 2429 exiguo
631 2353 782 2409 maris
807 2349 970 2426 spatio
999 2350 1234 2414 divisam,
1289 2351 1354 2406 ab
1378 2363 1525 2425 tergo
1551 2349 1733 2405 AEtoli-

276 2450 364 2490 am
392 2434 846 2508 Acarnaniamque,
883 2432 946 2487 ab
977 2430 1206 2490 lateribus
1231 2431 1503 2489 Locridem
1531 2434 1584 2488 &
1610 2434 1731 2484 Boe-

276 2515 439 2570 otiam
485 2512 748 2571 habebant.
850 2513 1303 2587 Phocidistprimo
1358 2514 1558 2585 impetu
1600 2508 1732 2566 Pha-

274 2609 483 2651 noteam
508 2594 615 2651 fine
636 2595 915 2651 certamine
940 2597 1094 2671 cepit.
1178 2594 1421 2668 Anticyra
1442 2592 1574 2648 haud
1595 2588 1733 2649 mul÷

274 2688 390 2731 tum
423 2676 476 2733 in
524 2676 877 2752 oppugnando
917 2678 1135 2751 praebuit
1173 2692 1353 2732 morae.
1451 2671 1734 2748 Ambrysus

272 2754 391 2811 inde
417 2756 815 2831 Hyampolisque
839 2772 1071 2830 receptae.
1160 2754 1352 2817 Daulis,
1398 2755 1515 2828 quia
1555 2755 1609 2808 in
1651 2768 1734 2821 tu-

273 2834 421 2891 mulo
443 2835 636 2892 excelso
664 2838 757 2895 fita
785 2839 876 2900 est,
930 2835 1192 2895 necssscalis
1231 2854 1325 2892 nec
1354 2834 1588 2909 operibus
1620 2836 1731 2908 capi

270 2923 488 2989 poterat,
530 2916 807 2978 laceffizndo
845 2918 1111 2974 miffilibus
1149 2936 1253 2979 eos,
1293 2918 1381 2990 qui
1421 2916 1474 2970 in
1501 2915 1731 2987 praefidio

269 3011 427 3064 erant,
470 3014 645 3075 quum?
664 2998 726 3057 ad
753 2999 1071 3060 excutfiones
1094 2997 1393 3062 elicuiffent,
1426 2995 1730 3086 refugienti-Q

1591 3087 1736 3131 mviJ

1420 3271 1451 3278 ρ»
