2063 3607
634 316 637 324 ’
721 299 1142 366 LIBER
1225 300 1484 370 XXIX.
1657 335 1663 338 ·
1749 325 1883 389 ηις

412 385 501 469 spe
533 391 838 459 ‘multitudm
865 389 1119 457 nec‘cum
1154 419 1256 477 qua
1284 413 1482 461 tantam
1512 422 1623 462 rem
1659 408 1870 485 aggredi

417 476 532 533 satis
562 475 783 541 auderet,
820 482 1142 545 convenirem
1183 497 1319 539 ratus
1343 488 1544 563 agendo
1572 506 1631 543 ac
1654 491 1897 571 moliens

418 558 487 613 do
524 558 649 612 vires
681 576 889 635 quoque
927 564 987 617 ad
1018 563 1272 639 agendum
1304 567 1486 642 aliquid
1520 568 1896 635 colleeffirum„

392 637 753 711 -proficiscenti
797 643 857 697 ad
905 643 1193 717 Syphacem
1250 652 1526 706 Lacumaci
1582 650 1755 725 regulo
1809 653 1876 708 ad-

394 718 685 795 2Thapsum
724 725 965 781 occurrit.
1047 727 1332 800 Trepidum
1375 749 1567 806 agmen
1607 750 1776 806 quum
1814 734 1873 789 in

320 829 326 832 Δ
391 800 600 855 >urbem
639 802 914 877 refugisset,
954 803 1143 861 urbem
1169 809 1421 866 Masiniffa
1460 814 1636 886 primo
1667 814 1872 887 impetu

391 882 569 955 capit,
608 884 662 937 ὃς
694 901 775 937 εκ·
802 885 955 961 regiis
989 885 1112 942 alios
1149 890 1394 947 tradentes
1427 891 1480 947 se
1515 894 1712 968 recipit,
1749 893 1874 951 alios

391 999 394 1004 -
419 964 528 1017 vim
553 975 782 1034 parantes
815 965 1021 1024 occidit.
1063 986 1178 1041 pars
1205 973 1434 1028 maxi-rna
1464 992 1588 1030 eum
1612 974 1724 1049 ipso
1746 993 1872 1049 pueo

356 1081 363 1084 »
409 1057 472 1096 m
506 1044 641 1098 inter
665 1044 951 1103 tumultum
983 1047 1044 1103 ad
1072 1049 1378 1123 Syphacem,
1401 1052 1505 1128 quo
1534 1055 1766 1129 primum
1789 1059 1872 1111 in-

412 1124 674 1180 tenderant
700 1125 810 1187 iter,
849 1143 1200 1202 pervenerunt.
1282 1137 1433 1190 Fama
1458 1135 1613 1210 hujus
1646 1137 1877 1193 modicae

410 1204 497 1266 rei,
539 1205 594 1259 in
629 1207 882 1281 principio
920 1226 1093 1264 rerum
1137 1210 1371 1286 prospere
1414 1217 1560 1280 astae,
1618 1220 1873 1275 convertit

393 1284 474 1339 *ad
506 1285 816 1343 Mafiniflam
845 1291 1119 1349 Numidas.
1157 1293 1528 1371 affluebantque
1554 1299 1777 1375 undique
1804 1317 1870 1355 ex

386 1365 545 1439 -agris
586 1365 808 1440 vicisque
842 1382 1034 1425 veteres
1073 1371 1258 1429 milites
1300 1375 1457 1441 Galae,
1498 1383 1566 1435 ὃς,
1589 1381 1869 1438 invitabant

408 1441 657 1517 juvenem
676 1447 736 1502 ad
758 1451 1156 1522 recuperandum
1188 1469 1455 1526 paternum
1473 1477 1715 1535 regnum.
1748 1464 1869 1517 Nu·

410 1543 558 1581 mero
576 1527 799 1584 militurn
817 1528 1132 1605 aliquantum
1153 1538 1434 1593 Mezetulus
1450 1538 1723 1613 superabat.
1743 1562 1868 1599 nam

408 1609 463 1661 δε
498 1607 602 1680 ipse
633 1627 756 1663 eum
785 1613 1086 1675 exercitum,
1129 1633 1236 1689 quo
1267 1619 1526 1691 Capusam
1564 1624 1767 1687 vicerat,
1807 1629 1865 1681 &z

406 1703 469 1742 ex
507 1691 720 1763 receptis
755 1692 870 1765 post
909 1694 1101 1749 caedem
1134 1699 1265 1771 regis
1299 1697 1492 1775 aliquot
1526 1699 1766 1761 habebat:
1808 1709 1864 1762 &-

405 1783 530 1840 puer
576 1764 892 1828 Lacumaces
933 1773 995 1831 ab
1033 1775 1264 1850 Syphace
1305 1782 1483 1840 auxilia
1516 1784 1746 1860 ingentia
1775 1786 1864 1843 ad-

406 1848 629 1912 duxerat,
665 1853 959 1926 quindecim
985 1856 1140 1912 millia
1154 1861 1406 1932 peditum.
1490 1866 1754 1923 Mezetulo
1775 1868 1867 1923 de-

408 1946 526 1984 cem
560 1931 720 1987 millia
752 1935 988 2007 equitum
1027 1954 1186 1997 erant.
1241 1943 1546 2015 quibuscum
1591 1950 1863 2012 Mafinifia,

405 2027 727 2087 nequaquam
753 2025 954 2072 tantum
973 2020 1204 2090 peditum
1221 2026 1519 2097 equitumve
1539 2027 1743 2092 habens,
1759 2032 1870 2086 acie

403 2092 655 2150 conflixit.
694 2095 820 2150 vicit
849 2111 1023 2153 tamen
1063 2105 1118 2158 δί
1158 2117 1390 2161 veterum
1424 2108 1654 2164 militum
1685 2113 1863 2175 virtus,

405 2174 459 2227 &
497 2175 759 2245 prudentia
788 2178 916 2233 inter
949 2183 1192 2238 Romana
1228 2189 1282 2241 δε
1320 2189 1507 2243 Punica
1549 2208 1691 2247 arma
1715 2195 1860 2249 eier-

404 2252 542 2307 citati
566 2254 725 2310 ducis.
808 2257 1053 2332 Regulus,
1096 2280 1220 2317 cum
1251 2278 1421 2322 tutore
1450 2273 1506 2325 ὅ(
1531 2273 1714 2346 exigua
1745 2279 1860 2331 Ma-

399 2330 690 2406 saesylorum
716 2354 892 2400 manu,
911 2386 917 2388 .
936 2340 988 2392 in
1016 2342 1513 2420 Carthaginienssum
1541 2369 1722 2427 agrum
1749 2374 1861 2428 per-

401 2411 554 2490 fugit.
656 2419 731 2472 Ita
773 2433 1075 2493 recuperato·
1112 2443 1277 2500 regno
1334 2444 1542 2502 paterno
1584 2436 1860 2502 Masinissa,

399 2497 519 2568 quia
546 2495 635 2552 fibi
661 2498 893 2554 adversus
922 2502 1211 2577 Syphacem
1245 2507 1378 2564 haud
1402 2512 1570 2585 paullo
1596 2517 1859 2590 majorem

373 2578 575 2632 -restare
600 2578 985 2636 dimicationem
1007 2586 1253 2650 cernebat,
1276 2593 1542 2664 optimum
1567 2610 1704 2653 ratus
1730 2618 1858 2657 cum

397 2656 550 2712 fratre
585 2661 803 2731 patruele
835 2665 1055 2737 gratiam
1097 2671 1428 2736 reconciliare,
1468 2677 1629 2732 miffis
1671 2682 1763 2754 qui
1800 2687 1857 2738 ὃς

394 2754 555 2810 puero
587 2738 728 2815 spem
774 2741 1012 2808 facerent,
1066 2747 1103 2803 fi
1144 2751 1196 2804 in
1241 2752 1397 2809 fidem
1454 2758 1718 2818 Mafiniffae
1756 2759 1856 2818 sese

385 2820 719 2891 permififfetj
745 2822 980 2881 futurum
1012 2829 1065 2882 in
1097 2831 1280 2887 eodem
1322 2832 1537 2901 honore,
1574 2860 1682 2915 quo
1720 2843 1854 2915 apud

372 2895 581 2953 -Galarn
614 2902 840 2960 Oesalces
877 2911 1141 2980 quondam
1179 2914 1368 2972 fuiffet:
1416 2923 1470 2976 ὅτ.
1497 2924 1587 2994 qui
1620 2928 1803 2981 Mene
1828 2956 1854 2968 ο

370 2976 466 3042 «Ιο,
504 2996 679 3054 praeter
705 2983 1090 3060 impunitatem,
1125 2993 1209 3050 sua
1236 2994 1416 3058 oninia
1444 3019 1570 3059 cum
1596 3004 1689 3062 fide
1712 3006 1863 3075 resti·-

1210 3080 1248 3132 F
1295 3098 1321 3152 3
1776 3087 1854 3144 tui
