2063 3607
554 311 617 376 L
658 311 686 373 1
726 307 776 373 Β
818 309 872 373 Ε
912 309 973 375 R
1056 306 1374 375 xxvm.
1670 333 1713 396 ς

259 408 510 492 inagnum
550 413 833 475 hominum
873 429 1150 468 numerum
1205 411 1469 474 armastis-153
1534 413 1715 487 Scipio

258 494 488 551 adversus
512 512 632 550 eum
668 498 745 549 M.
774 493 999 549 Silanum
1033 512 1157 549 cum
1197 495 1377 549 decem
1426 492 1554 549 baud
1595 493 1717 568 plus

257 575 480 630 millibus
508 574 753 637 militum,
794 574 1045 647 equitibus
1074 575 1363 650 quingentis
1395 574 1550 631 mifit.
1592 573 1715 630 Sila-

258 675 374 717 nuS,
412 655 609 729 quantis
639 655 878 709 maximis
915 655 1085 727 potuit
1126 655 1402 717 itineribu5‚
1444 656 1714 729 (impedie-

259 733 379 791 bant
407 749 576 790 autem
609 739 664 791 ὅτ.
688 735 966 809 asperitates
987 736 1208 797 viarum,
1261 741 1316 792 &
1347 737 1589 811 angust-iae
1618 735 1716 791 sa}-

256 813 391 882 tibus
422 814 622 878 crebris,
664 828 726 869 ut
762 814 998 890 pleraque
1036 814 1284 889 Hispaniae
1319 815 1452 879 sunt,
1493 809 1719 886 incluTae)

258 908 436 951 tamen
462 913 570 952 non
599 891 761 950 solum
787 897 1022 958 nuncioS,
1071 894 1151 951 sed
1183 897 1339 951 etiam
1376 896 1575 953 famam
1621 896 1712 952 ad-

257 988 438 1031 ventus
466 974 540 1030 sui
562 975 872 1052 praegressus,
908 974 1121 1031 ducibus
1149 977 1374 1032 indidem
1400 995 1463 1033 ex
1491 976 1715 1033 Celtibe«

257 1056 328 1110 ria
349 1056 624 1133 transfugis
648 1057 709 1111 ad
741 1055 940 1112 hostem
974 1057 1222 1133 pervenit.
1299 1057 1501 1114 Eisdem
1529 1059 1715 1115 autito-

254 1134 390 1190 ribus
418 1149 744 1211 compertum
782 1139 873 1199 est,
906 1155 1074 1211 quum
1113 1137 1293 1193 decem
1322 1139 1518 1195 circiter
1558 1137 1715 1195 millia

255 1213 317 1269 ab
334 1215 476 1271 hoste
499 1217 732 1279 abeffitnt,
775 1216 890 1273 bina
917 1220 1073 1276 castra
1094 1219 1224 1275 circa
1244 1219 1400 1283 viam,
1444 1216 1544 1293 qua
1565 1220 1716 1283 irent,

254 1294 379 1351 efle:
419 1293 542 1353 laeva
568 1296 864 1361 Celtiberos,
902 1317 1103 1355 novum
1125 1300 1404 1356 exercitum
1443 1297 1590 1375 supra
1613 1319 1713 1356 no-

255 1391 377 1429 vem
404 1376 555 1431 millia
584 1376 885 1441 hominum,
923 1379 1095 1435 dextra
1119 1382 1308 1436 Punica
1335 1393 1506 1437 tenere
1541 1382 1721 1440 castra)

255 1453 364 1510 haec
382 1456 691 1519 stationibuS,
715 1458 912 1533 vigiliis,
933 1461 1084 1514 omni
1108 1459 1233 1530 justa
1261 1460 1463 1515 militari
1486 1463 1713 1519 custodia

255 1546 365 1589 tuta
392 1539 446 1591 ὅτ.
471 1536 618 1592 firma
647 1537 741 1591 esse
763 1558 774 1592 ε
810 1537 888 1594 illa
913 1538 1059 1594 altera
1075 1539 1232 1595 soluta
1259 1539 1606 1616 neglestaque,
1650 1556 1713 1598 ut

252 1612 598 1678 barbarorum,
626 1619 941 1681 &tironum‚
982 1624 1037 1677 δε
1057 1620 1231 1675 minus
1245 1621 1544 1677 timentium
1573 1620 1714 1696 quod

254 1694 306 1747 in
332 1694 416 1750 sua
445 1709 571 1753 terra
586 1696 760 1753 efl‘ent.
793 1701 866 1754 Ea
897 1700 1035 1773 prius
1067 1701 1401 1776 aggredienda
1424 1717 1559 1758 ratus
1589 1702 1714 1758 sila-

255 1791 369 1837 nus,
404 1775 544 1853 figna
566 1779 955 1852 quammaxime
969 1780 1028 1835 ad
1049 1778 1228 1836 laevam
1245 1781 1447 1856 jubebat
1464 1781 1596 1846 ferri,
1620 1802 1713 1840 ne·

258 1856 421 1910 eunde
434 1857 496 1911 ab
521 1859 812 1915 stationibus
828 1861 1028 1917 Punicis
1046 1860 1432 1936 conspiceretur.
1447 1864 1565 1938 ipse,
1578 1883 1712 1940 prae-

254 1935 413 1990 miffis
427 1936 828 2012 speculatoribus,
846 1942 1004 1999 citato
1014 1943 1223 2018 agmine
1235 1944 1294 1999 ad
1307 1943 1508 2000 hostem
1527 1947 1713 2021 pergit.

336 2018 408 2072 11.
450 2019 571 2074 Tria
611 2020 765 2076 millia
800 2020 965 2078 ferme
989 2022 1172 2086 aberat,
1211 2043 1377 2099 quum
1409 2025 1540 2081 haud
1575 2028 1708 2083 dum

249 2092 514 2168 quisquam
547 2098 770 2155 hostium
800 2100 1025 2160 senserat.
1063 2104 1363 2180 confragosa
1382 2105 1493 2162 loca
1522 2111 1578 2164 &
1614 2106 1712 2162 ob·

250 2175 340 2228 fita
372 2176 600 2251 virgultis
626 2180 858 2236 tenebant
878 2181 1046 2238 colles.
1122 2184 1199 2237 Ibi
1225 2186 1279 2239 in
1309 2202 1429 2240 cava
1450 2185 1590 2248 valle,
1631 2201 1709 2243 at·

250 2269 350 2326 que
390 2257 459 2308 ob
496 2258 546 2310 id
588 2258 805 2319 occulta,
848 2261 1105 2316 confidere
1139 2262 1380 2325 militem,
1433 2270 1488 2321 &
1528 2266 1709 2323 cibum

250 2350 429 2406 capere
471 2334 632 2403 jubet.
686 2338 894 2394 interim
933 2339 1281 2414 speculatores»,
1332 2346 1706 2423 transfugarum

251 2411 387 2466 dista
411 2414 737 2479 affirmantes,
775 2432 1041 2477 venerunt.
1119 2428 1264 2477 Tum
1281 2423 1485 2481 sarcinis
1509 2428 1562 2483 in
1592 2446 1708 2484 me·
1796 2489 1805 2492 ,

250 2492 392 2547 dium
445 2497 697 2568 conjestis
735 2517 876 2554 arma
923 2502 1152 2557 Romani
1202 2506 1439 2579 capiunt:
1500 2509 1707 2584 acieque

248 2570 380 2644 justa
409 2573 462 2628 in
501 2592 730 2652 pugnam
769 2580 977 2638 vadunt.
1054 2581 1191 2638 Mille
1229 2586 1459 2659 paffuum
1487 2588 1713 2653 aberant,

250 2663 416 2725 quum
439 2653 498 2707 ab
526 2655 665 2713 hoste
691 2659 950 2734 conspe&
979 2664 1110 2719 sunt.
1147 2666 1481 2742 trepidarique
1502 2688 1710 2743 repente

251 2748 505 2805 coeptum.
589 2743 748 2814 Mago
764 2759 823 2796 ex
850 2744 1018 2799 castris
1048 2745 1203 2800 citato
1232 2765 1367 2822 equo
1390 2751 1449 2804 ad
1474 2752 1708 2824 primum

251 2810 531 2871 clamorem
573 2823 627 2875 ὃς
654 2821 941 2878 tumultum
976 2824 1259 2884 advehitur.
1333 2834 1488 2889 Erant
1530 2847 1708 2888 autem

249 2891 305 2945 in
331 2892 581 2951 Celtibero
606 2903 825 2957 exercitu
866 2917 1086 2978 quatuor
1123 2905 1278 2963 millia
1304 2906 1618 2969 scutatorum
1649 2916 1708 2969 ὅτ.

251 2971 454 3031 ducenti
479 2980 671 3054 equites
683 3003 700 3047 3
745 2982 876 3043 hanc
905 2986 1102 3059 justam
1129 2985 1387 3067 legionem
1417 2994 1494 3064 (ὃς
1523 2994 1572 3052 id
1611 2993 1712 3049 fer-

935 3070 1035 3145 A3
1619 3092 1711 3135 me
