2063 3607
528 226 591 292 L
638 226 754 291 ΓΒ
794 223 848 290 Ε
891 223 951 288 R
1036 222 1364 291 XXXIV.
1580 243 1702 311 4e9

244 341 301 397 δί
334 333 470 413 quod
497 334 578 392 alii
602 336 733 397 vani,
775 332 855 389 alii
883 333 1017 390 leves
1043 334 1330 389 admodum
1372 331 1506 389 istus
1548 347 1712 393 erant,

242 438 368 476 nam
392 432 600 493 propter
625 417 879 493 angustias
918 415 1038 477 loci,
1081 415 1473 492 confertamque
1500 414 1706 472 turbam

244 519 354 558 non
385 496 545 556 modo
570 499 632 555 ad
671 497 950 555 emittenda
982 515 1105 553 cum
1133 496 1397 571 procursu,
1452 515 1559 573 quo
1593 496 1713 572 plu-

242 578 439 640 rimum
464 581 783 638 concitantur
812 579 923 642 tela,
963 578 1184 655 spatium
1214 579 1492 634 habebant:
1531 576 1613 634 sed
1646 596 1713 634 ne

242 676 305 720 ut
340 664 402 719 de
434 664 600 739 gradu
641 662 848 736 quidem
891 660 1048 717 libero
1081 679 1140 716 ac
1177 659 1335 717 stabili
1383 675 1709 717 conarentur.

245 747 426 821 Itaque
463 763 526 801 ex
569 742 775 799 adverso
816 743 962 800 miffa
1005 741 1099 799 tela
1138 741 1268 797 nulla
1308 742 1362 796 in
1393 740 1710 817 corporibu5‚

244 845 350 883 rasa
375 829 428 882 in
453 826 606 882 scutis
635 822 908 881 haerebant.
940 823 967 880 ὲ
999 823 1441 880 circumstantibus
1464 843 1528 881 ex
1563 822 1714 899 supe-

242 906 461 964 rioribus
481 905 606 962 locis
633 906 839 980 quidam
871 905 1112 962 vulnerati
1136 906 1282 962 sunt:
1325 923 1455 961 mox
1476 903 1713 983 progres-

245 987 329 1045 sos
366 992 480 1062 jam
510 988 667 1045 etiam
710 1006 773 1042 ex
804 988 951 1043 tectis
978 1006 1088 1046 non
1115 985 1209 1042 tela
1236 984 1414 1048 modo,
1452 987 1534 1043 sed
1559 1002 1712 1063 tegu-

248 1070 308 1127 lae
332 1089 540 1144 quoque
563 1068 883 1143 inopinantes
909 1068 1251 1145 perculerunt.
1293 1067 1503 1124 Sublatis
1531 1068 1710 1125 deinde

248 1150 392 1226 supra
426 1153 590 1226 capita
615 1149 786 1213 scutis,
827 1150 1226 1225 continuatisque
1252 1151 1322 1206 ita
1362 1152 1492 1206 inter
1528 1149 1596 1213 ie,
1646 1161 1712 1206 ut

248 1251 358 1290 non
387 1230 548 1288 modo
585 1231 645 1288 ad
675 1249 835 1287 caecos
871 1232 1023 1296 ἱθωε,
1073 1230 1154 1287 sed
1186 1250 1250 1286 ne
1282 1232 1342 1287 ad
1384 1232 1710 1288 inferendum

244 1314 457 1390 quidem
508 1332 571 1369 ex
614 1315 905 1388 propinquo
947 1315 1109 1370 telum
1141 1313 1240 1369 loci
1267 1313 1546 1387 quicquam
1572 1314 1713 1375 esset,

243 1395 495 1451 testudine
520 1395 652 1450 fasta
683 1394 928 1450 subibant.
972 1399 1026 1451 δε
1054 1396 1224 1470 primo
1250 1397 1490 1472 angustiae
1513 1394 1712 1469 paullis

244 1494 336 1550 per
363 1477 447 1532 sua
463 1476 788 1551 hostiumque
810 1477 1003 1534 refertae
1026 1476 1171 1533 turba
1199 1491 1496 1533 tenuerunt:
1506 1479 1709 1551 postea-

245 1577 410 1634 quam
437 1560 489 1614 in
516 1558 850 1633 patentiorem
883 1558 1020 1614 viam
1051 1558 1186 1614 urbis
1225 1557 1484 1633 paullatim
1519 1578 1706 1635 urgen-

246 1653 323 1696 tes
348 1641 548 1697 hostem
582 1641 881 1713 proceffere3
943 1658 1051 1696 non
1077 1640 1207 1697 ultra
1237 1643 1311 1695 vis
1339 1659 1520 1696 eorum
1552 1654 1705 1715 atque

240 1722 476 1796 impetus
503 1720 725 1776 sustineri
747 1734 999 1795 poterant.
1079 1726 1259 1797 Quum
1290 1738 1429 1799 terga
1453 1722 1710 1779 vertiffent

248 1803 645 1866 Lacedaemonii,
685 1809 737 1860 δε
764 1802 920 1860 cffuss
938 1802 1061 1882 fuga
1087 1803 1336 1880 superiora
1367 1820 1593 1880 peterent
1624 1803 1703 1859 lo-

245 1903 330 1947 ca;
379 1886 539 1941 Nabis
562 1886 790 1959 quidem,
847 1900 905 1943 ut
942 1902 1088 1960 capta
1122 1886 1242 1941 urbe
1266 1889 1533 1961 trepidans,
1577 1906 1704 1962 qua·

243 1984 368 2022 nam
397 1965 501 2039 ipse
538 1967 782 2029 evaderet,
836 1967 1311 2041 circumspectabat.
1392 1969 1704 2046 Pythagoras

247 2067 373 2104 cum
401 2049 459 2103 ad
491 2060 654 2106 cetera
683 2049 861 2105 animo
886 2050 1165 2124 officioque
1195 2051 1337 2108 ducis
1367 2050 1700 2126 fungebatun

244 2144 362 2185 tum
406 2128 526 2185 vero
559 2149 723 2192 unus,
782 2149 847 2185 ne
887 2147 1145 2205 caperetur
1179 2133 1331 2197 urbS,
1383 2134 1546 2188 cauffa
1583 2132 1699 2189 fuit„

244 2210 480 2268 succendi
515 2212 655 2266 enim
699 2211 907 2269 aedificia
933 2213 1167 2285 proxima
1198 2233 1354 2270 muro
1384 2215 1541 2288 juffit.
1582 2233 1699 2290 quae

244 2311 411 2385 quum
449 2307 725 2349 momento
758 2295 1013 2366 temporis
1040 2294 1276 2358 atfiffent,
1313 2311 1370 2352 ut
1409 2296 1698 2369 adjuvanti-

244 2372 376 2430 bus
364 2393 558 2451 ignem,
596 2374 686 2450 qui
714 2372 826 2431 alias
852 2376 910 2430 ad
948 2377 1375 2453 exstinguendum
1409 2397 1565 2452 opem
1601 2378 1701 2434 fer«

241 2473 298 2510 re
323 2456 496 2518 solent,
534 2475 674 2512 ruere
696 2457 749 2511 in
779 2460 1053 2513 Romanos
1085 2461 1252 2515 tedia:
1287 2479 1379 2516 nec
1414 2461 1700 2537 tegularum

244 2536 408 2593 modo
435 2538 733 2614 fragmenta,
774 2540 854 2594 sed
890 2540 1044 2596 etiam
1078 2540 1307 2598 ambusta
1346 2543 1489 2618 tigna
1522 2544 1580 2599 ad
1623 2561 1699 2598 ar·

244 2634 415 2676 matos
439 2621 716 2694 pervenire,
754 2624 810 2677 Sc
835 2622 1055 2676 flamma
1080 2621 1174 2680 late
1197 2623 1361 2685 fundi,
1403 2625 1581 2680 fumus
1604 2641 1704 2681 tero

239 2718 414 2757 rorem
438 2704 596 2758 etiam
627 2701 879 2773 majorem
910 2702 1068 2777 quam
1098 2706 1378 2778 periculum
1410 2705 1589 2763 facere.
1653 2709 1703 2763 1-

243 2794 395 2857 taque
427 2787 478 2839 ὃς
506 2785 594 2859 qui
624 2798 760 2840 extra
789 2785 969 2840 urbem
995 2799 1140 2841 erant
1159 2793 1541 2851 Romanorum,
1582 2802 1700 2844 tum

244 2863 477 2922 maxime
520 2868 745 2940 impetus
786 2866 1027 2924 facientes
1066 2871 1302 2928 receffere
1343 2892 1371 2926 a
1409 2889 1593 2927 muro,
1645 2874 1702 2928 δί

243 2947 338 3023 qui
373 2948 483 3017 jam
526 2948 848 3014 intraverant,
902 2969 966 3006 ne
1014 2950 1296 3013 incendio
1276 2976 1303 3011 a
1337 2968 1483 3032 tergo
1511 2955 1707 3010 oriente

331 3034 478 3088 Vm.
517 3031 612 3088 lv
1056 3038 1090 3091 S
1557 3035 1710 3113 inter:
