<?xml version="1.0" encoding="UTF-8"?>
<!DOCTYPE html PUBLIC "-//W3C//DTD XHTML 1.0 Transitional//EN"
    "http://www.w3.org/TR/xhtml1/DTD/xhtml1-transitional.dtd">
<html xmlns="http://www.w3.org/1999/xhtml" xml:lang="en" lang="en">
 <head>
  <title>
</title>
<meta http-equiv="Content-Type" content="text/html;charset=utf-8" />
  <meta name='ocr-system' content='tesseract 3.04.00' />
  <meta name='ocr-capabilities' content='ocr_page ocr_carea ocr_par ocr_line ocrx_word'/>
</head>
<body>
  <div class='ocr_page' id='page_1' title='image "./tliviipatavinih10livygoog_0335.png"; bbox 0 0 2063 3607; ppageno 0'>
   <div class='ocr_carea' id='block_1_1' title="bbox 483 286 1630 374">
    <p class='ocr_par' dir='ltr' id='par_1_1' title="bbox 483 286 1630 374">
     <span class='ocr_line' id='line_1_1' title="bbox 483 286 1630 374; baseline -0.004 -14"><span class='ocrx_word' id='word_1_1' title='bbox 483 296 540 360; x_wconf 84' lang='lat' dir='ltr'>L</span> <span class='ocrx_word' id='word_1_2' title='bbox 583 292 606 356; x_wconf 95' lang='lat'>1</span> <span class='ocrx_word' id='word_1_3' title='bbox 651 291 701 355; x_wconf 91' lang='lat' dir='ltr'>B</span> <span class='ocrx_word' id='word_1_4' title='bbox 740 287 896 355; x_wconf 65' lang='lat' dir='ltr'>E‘R</span> <span class='ocrx_word' id='word_1_5' title='bbox 978 286 1301 360; x_wconf 87' lang='lat' dir='ltr'><strong>XXXIII.</strong></span> <span class='ocrx_word' id='word_1_6' title='bbox 1508 312 1630 374; x_wconf 70' lang='lat'>329</span> 
     </span>
    </p>
   </div>
   <div class='ocr_carea' id='block_1_2' title="bbox 173 392 1654 2978">
    <p class='ocr_par' dir='ltr' id='par_1_2' title="bbox 173 392 1654 2814">
     <span class='ocr_line' id='line_1_2' title="bbox 176 392 1643 479; baseline -0.007 -21"><span class='ocrx_word' id='word_1_7' title='bbox 176 399 317 479; x_wconf 75' lang='lat' dir='ltr'>qnod</span> <span class='ocrx_word' id='word_1_8' title='bbox 357 397 635 475; x_wconf 66' lang='lat' dir='ltr'>perfossum</span> <span class='ocrx_word' id='word_1_9' title='bbox 688 413 850 453; x_wconf 87' lang='lat' dir='ltr'>manu</span> <span class='ocrx_word' id='word_1_10' title='bbox 897 395 988 459; x_wconf 85' lang='lat' dir='ltr'>est,</span> <span class='ocrx_word' id='word_1_11' title='bbox 1033 394 1097 451; x_wconf 91' lang='lat' dir='ltr'>ab</span> <span class='ocrx_word' id='word_1_12' title='bbox 1144 393 1415 452; x_wconf 85' lang='lat' dir='ltr'>Acarnania</span> <span class='ocrx_word' id='word_1_13' title='bbox 1468 392 1643 450; x_wconf 71' lang='lat' dir='ltr'>divisa»</span> 
     </span>
     <span class='ocr_line' id='line_1_3' title="bbox 180 475 1639 557; baseline -0.003 -21"><span class='ocrx_word' id='word_1_14' title='bbox 180 501 294 542; x_wconf 87' lang='lat' dir='ltr'>tum</span> <span class='ocrx_word' id='word_1_15' title='bbox 319 476 576 557; x_wconf 78' lang='lat' dir='ltr'>peninsula</span> <span class='ocrx_word' id='word_1_16' title='bbox 605 489 723 540; x_wconf 81' lang='lat' dir='ltr'>erat,</span> <span class='ocrx_word' id='word_1_17' title='bbox 767 476 1049 546; x_wconf 64' lang='lat' dir='ltr'>occidentis</span> <span class='ocrx_word' id='word_1_18' title='bbox 1070 475 1280 552; x_wconf 83' lang='lat' dir='ltr'>regione</span> <span class='ocrx_word' id='word_1_19' title='bbox 1307 475 1459 546; x_wconf 65' lang='lat' dir='ltr'>arffis</span> <span class='ocrx_word' id='word_1_20' title='bbox 1481 476 1639 533; x_wconf 81' lang='lat' dir='ltr'>fauci-</span> 
     </span>
     <span class='ocr_line' id='line_1_4' title="bbox 173 554 1641 633; baseline -0.003 -14"><span class='ocrx_word' id='word_1_21' title='bbox 173 565 276 625; x_wconf 66' lang='lat' dir='ltr'>,bus</span> <span class='ocrx_word' id='word_1_22' title='bbox 303 561 556 618; x_wconf 75' lang='lat' dir='ltr'>cohaerens</span> <span class='ocrx_word' id='word_1_23' title='bbox 595 559 896 618; x_wconf 79' lang='lat' dir='ltr'>Acarnaniae.</span> <span class='ocrx_word' id='word_1_24' title='bbox 975 556 1301 633; x_wconf 77' lang='lat' dir='ltr'>Qingentos</span> <span class='ocrx_word' id='word_1_25' title='bbox 1340 558 1501 626; x_wconf 72' lang='lat' dir='ltr'>ferme</span> <span class='ocrx_word' id='word_1_26' title='bbox 1529 554 1641 630; x_wconf 82' lang='lat' dir='ltr'>pas-</span> 
     </span>
     <span class='ocr_line' id='line_1_5' title="bbox 181 637 1640 717; baseline -0.004 -18"><span class='ocrx_word' id='word_1_27' title='bbox 181 646 262 700; x_wconf 73' lang='lat' dir='ltr'>ius</span> <span class='ocrx_word' id='word_1_28' title='bbox 290 642 456 717; x_wconf 86' lang='lat' dir='ltr'>longae</span> <span class='ocrx_word' id='word_1_29' title='bbox 478 639 645 696; x_wconf 83' lang='lat' dir='ltr'>fauces</span> <span class='ocrx_word' id='word_1_30' title='bbox 680 654 836 703; x_wconf 86' lang='lat' dir='ltr'>erant,</span> <span class='ocrx_word' id='word_1_31' title='bbox 871 638 981 694; x_wconf 82' lang='lat' dir='ltr'>latae</span> <span class='ocrx_word' id='word_1_32' title='bbox 1008 637 1157 714; x_wconf 37' lang='lat' dir='ltr'>haud,</span> <span class='ocrx_word' id='word_1_33' title='bbox 1178 637 1400 714; x_wconf 85' lang='lat' dir='ltr'>amplius</span> <span class='ocrx_word' id='word_1_34' title='bbox 1429 650 1640 709; x_wconf 73' lang='lat' dir='ltr'>centum</span> 
     </span>
     <span class='ocr_line' id='line_1_6' title="bbox 184 717 1642 800; baseline -0.005 -19"><span class='ocrx_word' id='word_1_35' title='bbox 184 730 240 781; x_wconf 61' lang='grc' dir='ltr'>ὃς</span> <span class='ocrx_word' id='word_1_36' title='bbox 272 722 472 800; x_wconf 76' lang='lat' dir='ltr'>viginti,</span> <span class='ocrx_word' id='word_1_37' title='bbox 509 723 565 777; x_wconf 88' lang='lat' dir='ltr'>in</span> <span class='ocrx_word' id='word_1_38' title='bbox 595 721 671 776; x_wconf 86' lang='lat' dir='ltr'>his</span> <span class='ocrx_word' id='word_1_39' title='bbox 702 721 940 798; x_wconf 88' lang='lat' dir='ltr'>angustiis</span> <span class='ocrx_word' id='word_1_40' title='bbox 977 723 1172 776; x_wconf 84' lang='lat' dir='ltr'>Leucas</span> <span class='ocrx_word' id='word_1_41' title='bbox 1202 722 1366 794; x_wconf 87' lang='lat' dir='ltr'>pofita</span> <span class='ocrx_word' id='word_1_42' title='bbox 1393 720 1487 783; x_wconf 84' lang='lat' dir='ltr'>est,</span> <span class='ocrx_word' id='word_1_43' title='bbox 1520 717 1642 774; x_wconf 83' lang='lat' dir='ltr'>colli</span> 
     </span>
     <span class='ocr_line' id='line_1_7' title="bbox 182 800 1643 880; baseline -0.005 -19"><span class='ocrx_word' id='word_1_44' title='bbox 182 802 422 880; x_wconf 84' lang='lat' dir='ltr'>applicata</span> <span class='ocrx_word' id='word_1_45' title='bbox 449 800 594 857; x_wconf 83' lang='lat' dir='ltr'>verso</span> <span class='ocrx_word' id='word_1_46' title='bbox 627 803 687 856; x_wconf 88' lang='lat' dir='ltr'>in</span> <span class='ocrx_word' id='word_1_47' title='bbox 712 804 961 857; x_wconf 83' lang='lat' dir='ltr'>orientem</span> <span class='ocrx_word' id='word_1_48' title='bbox 1008 804 1065 857; x_wconf 74' lang='grc' dir='ltr'>δε</span> <span class='ocrx_word' id='word_1_49' title='bbox 1098 803 1449 863; x_wconf 85' lang='lat' dir='ltr'>Acarnaniam.</span> <span class='ocrx_word' id='word_1_50' title='bbox 1490 842 1500 848; x_wconf 87' lang='lat'><strong>.</strong></span> <span class='ocrx_word' id='word_1_51' title='bbox 1528 801 1643 857; x_wconf 84' lang='lat' dir='ltr'>Ima</span> 
     </span>
     <span class='ocr_line' id='line_1_8' title="bbox 183 879 1645 959; baseline -0.003 -19"><span class='ocrx_word' id='word_1_52' title='bbox 183 886 320 942; x_wconf 85' lang='lat' dir='ltr'>urbis</span> <span class='ocrx_word' id='word_1_53' title='bbox 345 882 489 959; x_wconf 85' lang='lat' dir='ltr'>plana</span> <span class='ocrx_word' id='word_1_54' title='bbox 519 882 651 945; x_wconf 83' lang='lat' dir='ltr'>sunt,</span> <span class='ocrx_word' id='word_1_55' title='bbox 687 882 905 953; x_wconf 83' lang='lat' dir='ltr'>jacentia</span> <span class='ocrx_word' id='word_1_56' title='bbox 932 879 995 937; x_wconf 88' lang='lat' dir='ltr'>ad</span> <span class='ocrx_word' id='word_1_57' title='bbox 1027 898 1168 937; x_wconf 85' lang='lat' dir='ltr'>mare</span> <span class='ocrx_word' id='word_1_58' title='bbox 1194 903 1207 935; x_wconf 78' lang='lat' dir='ltr'><strong><em>z</em></strong></span> <span class='ocrx_word' id='word_1_59' title='bbox 1253 900 1359 956; x_wconf 91' lang='lat' dir='ltr'>quo</span> <span class='ocrx_word' id='word_1_60' title='bbox 1394 880 1645 947; x_wconf 79' lang='lat' dir='ltr'>Leucadia</span> 
     </span>
     <span class='ocr_line' id='line_1_9' title="bbox 185 961 1647 1036; baseline -0.003 -15"><span class='ocrx_word' id='word_1_61' title='bbox 185 966 248 1021; x_wconf 86' lang='lat' dir='ltr'>ab</span> <span class='ocrx_word' id='word_1_62' title='bbox 288 965 564 1021; x_wconf 84' lang='lat' dir='ltr'>Acarnania</span> <span class='ocrx_word' id='word_1_63' title='bbox 597 962 854 1020; x_wconf 85' lang='lat' dir='ltr'>dividitur.</span> <span class='ocrx_word' id='word_1_64' title='bbox 946 961 1070 1017; x_wconf 88' lang='lat' dir='ltr'>Inde</span> <span class='ocrx_word' id='word_1_65' title='bbox 1114 974 1243 1017; x_wconf 85' lang='lat' dir='ltr'>terra</span> <span class='ocrx_word' id='word_1_66' title='bbox 1277 963 1508 1036; x_wconf 86' lang='lat' dir='ltr'>marique</span> <span class='ocrx_word' id='word_1_67' title='bbox 1557 978 1647 1017; x_wconf 55' lang='lat' dir='ltr'>ex*-</span> 
     </span>
     <span class='ocr_line' id='line_1_10' title="bbox 185 1041 1645 1121; baseline -0.003 -19"><span class='ocrx_word' id='word_1_68' title='bbox 185 1043 466 1121; x_wconf 85' lang='lat' dir='ltr'>pugnabilis</span> <span class='ocrx_word' id='word_1_69' title='bbox 489 1045 576 1102; x_wconf 84' lang='lat' dir='ltr'>est.</span> <span class='ocrx_word' id='word_1_70' title='bbox 631 1061 760 1103; x_wconf 86' lang='lat' dir='ltr'>nam</span> <span class='ocrx_word' id='word_1_71' title='bbox 787 1049 842 1102; x_wconf 83' lang='lat'>&amp;</span> <span class='ocrx_word' id='word_1_72' title='bbox 879 1042 1004 1098; x_wconf 84' lang='lat' dir='ltr'>vada</span> <span class='ocrx_word' id='word_1_73' title='bbox 1041 1042 1157 1099; x_wconf 86' lang='lat' dir='ltr'>sunt</span> <span class='ocrx_word' id='word_1_74' title='bbox 1184 1043 1364 1118; x_wconf 86' lang='lat' dir='ltr'>stagno</span> <span class='ocrx_word' id='word_1_75' title='bbox 1388 1041 1645 1106; x_wconf 78' lang='lat' dir='ltr'>similiora,</span> 
     </span>
     <span class='ocr_line' id='line_1_11' title="bbox 185 1123 1647 1204; baseline -0.003 -21"><span class='ocrx_word' id='word_1_76' title='bbox 185 1124 348 1204; x_wconf 74' lang='lat' dir='ltr'>quam</span> <span class='ocrx_word' id='word_1_77' title='bbox 376 1126 506 1181; x_wconf 87' lang='lat' dir='ltr'>mari</span> <span class='ocrx_word' id='word_1_78' title='bbox 532 1146 543 1181; x_wconf 77' lang='lat' dir='ltr'><em>z</em></span> <span class='ocrx_word' id='word_1_79' title='bbox 582 1129 658 1183; x_wconf 52' lang='lat'>⁴&amp;</span> <span class='ocrx_word' id='word_1_80' title='bbox 693 1142 906 1197; x_wconf 85' lang='lat' dir='ltr'>campus</span> <span class='ocrx_word' id='word_1_81' title='bbox 930 1136 1152 1181; x_wconf 86' lang='lat' dir='ltr'>terrenus</span> <span class='ocrx_word' id='word_1_82' title='bbox 1176 1125 1367 1187; x_wconf 85' lang='lat' dir='ltr'>omnis,</span> <span class='ocrx_word' id='word_1_83' title='bbox 1406 1123 1647 1197; x_wconf 84' lang='lat' dir='ltr'>operique</span> 
     </span>
     <span class='ocr_line' id='line_1_12' title="bbox 185 1200 1648 1281; baseline -0.003 -19"><span class='ocrx_word' id='word_1_84' title='bbox 185 1206 360 1264; x_wconf 79' lang='lat' dir='ltr'>facilis.</span> <span class='ocrx_word' id='word_1_85' title='bbox 410 1203 613 1281; x_wconf 59' lang='lat' dir='ltr'>”Itaque</span> <span class='ocrx_word' id='word_1_86' title='bbox 643 1203 816 1262; x_wconf 86' lang='lat' dir='ltr'>multis</span> <span class='ocrx_word' id='word_1_87' title='bbox 846 1205 999 1260; x_wconf 88' lang='lat' dir='ltr'>fimul</span> <span class='ocrx_word' id='word_1_88' title='bbox 1033 1203 1163 1259; x_wconf 79' lang='lat' dir='ltr'>locis</span> <span class='ocrx_word' id='word_1_89' title='bbox 1187 1218 1273 1259; x_wconf 89' lang='lat' dir='ltr'>aut</span> <span class='ocrx_word' id='word_1_90' title='bbox 1317 1200 1522 1267; x_wconf 87' lang='lat' dir='ltr'>subruti,</span> <span class='ocrx_word' id='word_1_91' title='bbox 1561 1216 1648 1258; x_wconf 87' lang='lat' dir='ltr'>aut</span> 
     </span>
     <span class='ocr_line' id='line_1_13' title="bbox 187 1282 1647 1359; baseline -0.004 -17"><span class='ocrx_word' id='word_1_92' title='bbox 187 1290 337 1344; x_wconf 87' lang='lat' dir='ltr'>ariete</span> <span class='ocrx_word' id='word_1_93' title='bbox 362 1286 551 1342; x_wconf 82' lang='lat' dir='ltr'>decuffi</span> <span class='ocrx_word' id='word_1_94' title='bbox 581 1285 791 1342; x_wconf 83' lang='lat' dir='ltr'>ruebant</span> <span class='ocrx_word' id='word_1_95' title='bbox 821 1286 980 1358; x_wconf 74' lang='lat' dir='ltr'>muri,</span> <span class='ocrx_word' id='word_1_96' title='bbox 1059 1285 1154 1341; x_wconf 86' lang='lat' dir='ltr'>Sed</span> <span class='ocrx_word' id='word_1_97' title='bbox 1195 1282 1352 1359; x_wconf 75' lang='lat' dir='ltr'>quarn</span> <span class='ocrx_word' id='word_1_98' title='bbox 1385 1282 1506 1340; x_wconf 77' lang='lat' dir='ltr'>urbs</span> <span class='ocrx_word' id='word_1_99' title='bbox 1543 1282 1647 1356; x_wconf 80' lang='lat' dir='ltr'>ipsa</span> 
     </span>
     <span class='ocr_line' id='line_1_14' title="bbox 184 1362 1649 1446; baseline -0.003 -24"><span class='ocrx_word' id='word_1_100' title='bbox 184 1378 472 1446; x_wconf 86' lang='lat' dir='ltr'>opportuna</span> <span class='ocrx_word' id='word_1_101' title='bbox 495 1363 906 1443; x_wconf 84' lang='lat' dir='ltr'>oppugnantibus</span> <span class='ocrx_word' id='word_1_102' title='bbox 933 1373 1056 1442; x_wconf 74' lang='lat' dir='ltr'>erat,</span> <span class='ocrx_word' id='word_1_103' title='bbox 1105 1378 1213 1422; x_wconf 86' lang='lat' dir='ltr'>tam</span> <span class='ocrx_word' id='word_1_104' title='bbox 1238 1362 1649 1442; x_wconf 78' lang='lat' dir='ltr'>inexpugnabiles</span> 
     </span>
     <span class='ocr_line' id='line_1_15' title="bbox 185 1441 1649 1518; baseline -0.003 -14"><span class='ocrx_word' id='word_1_105' title='bbox 185 1447 411 1505; x_wconf 84' lang='lat' dir='ltr'>hostium</span> <span class='ocrx_word' id='word_1_106' title='bbox 444 1449 621 1504; x_wconf 89' lang='lat' dir='ltr'>animi.</span> <span class='ocrx_word' id='word_1_107' title='bbox 657 1448 738 1502; x_wconf 86' lang='lat' dir='ltr'>die</span> <span class='ocrx_word' id='word_1_108' title='bbox 779 1465 841 1504; x_wconf 87' lang='lat' dir='ltr'>ac</span> <span class='ocrx_word' id='word_1_109' title='bbox 874 1447 1036 1501; x_wconf 69' lang='lat' dir='ltr'>nodie</span> <span class='ocrx_word' id='word_1_110' title='bbox 1062 1447 1247 1502; x_wconf 83' lang='lat' dir='ltr'>intenti</span> <span class='ocrx_word' id='word_1_111' title='bbox 1272 1448 1471 1504; x_wconf 86' lang='lat' dir='ltr'>reficere</span> <span class='ocrx_word' id='word_1_112' title='bbox 1502 1441 1649 1518; x_wconf 70' lang='lat' dir='ltr'>quass·</span> 
     </span>
     <span class='ocr_line' id='line_1_16' title="bbox 183 1527 1651 1601; baseline -0.003 -17"><span class='ocrx_word' id='word_1_113' title='bbox 183 1527 282 1586; x_wconf 69' lang='lat' dir='ltr'>iata</span> <span class='ocrx_word' id='word_1_114' title='bbox 316 1529 468 1590; x_wconf 86' lang='lat' dir='ltr'>muri,</span> <span class='ocrx_word' id='word_1_115' title='bbox 532 1528 783 1583; x_wconf 85' lang='lat' dir='ltr'>obstruere</span> <span class='ocrx_word' id='word_1_116' title='bbox 825 1545 941 1601; x_wconf 85' lang='lat' dir='ltr'>quae</span> <span class='ocrx_word' id='word_1_117' title='bbox 988 1527 1243 1600; x_wconf 66' lang='lat' dir='ltr'>patefadia</span> <span class='ocrx_word' id='word_1_118' title='bbox 1298 1528 1452 1583; x_wconf 87' lang='lat' dir='ltr'>ruinis</span> <span class='ocrx_word' id='word_1_119' title='bbox 1494 1538 1651 1586; x_wconf 84' lang='lat' dir='ltr'>erant,</span> 
     </span>
     <span class='ocr_line' id='line_1_17' title="bbox 184 1607 1645 1685; baseline -0.003 -21"><span class='ocrx_word' id='word_1_120' title='bbox 184 1609 364 1681; x_wconf 87' lang='lat' dir='ltr'>proelia</span> <span class='ocrx_word' id='word_1_121' title='bbox 399 1609 621 1685; x_wconf 88' lang='lat' dir='ltr'>impigre</span> <span class='ocrx_word' id='word_1_122' title='bbox 644 1609 787 1670; x_wconf 85' lang='lat' dir='ltr'>inire,</span> <span class='ocrx_word' id='word_1_123' title='bbox 819 1612 882 1679; x_wconf 31' lang='lat' dir='ltr'>y&amp;</span> <span class='ocrx_word' id='word_1_124' title='bbox 912 1608 1068 1663; x_wconf 84' lang='lat' dir='ltr'>armis</span> <span class='ocrx_word' id='word_1_125' title='bbox 1094 1608 1261 1683; x_wconf 84' lang='lat' dir='ltr'>magis</span> <span class='ocrx_word' id='word_1_126' title='bbox 1286 1625 1463 1663; x_wconf 87' lang='lat' dir='ltr'>muros</span> <span class='ocrx_word' id='word_1_127' title='bbox 1486 1607 1645 1681; x_wconf 73' lang='lat' dir='ltr'>quam</span> 
     </span>
     <span class='ocr_line' id='line_1_18' title="bbox 184 1686 1649 1763; baseline -0.004 -17"><span class='ocrx_word' id='word_1_128' title='bbox 184 1691 234 1746; x_wconf 86' lang='lat' dir='ltr'>se</span> <span class='ocrx_word' id='word_1_129' title='bbox 273 1689 407 1763; x_wconf 86' lang='lat' dir='ltr'>ipsos</span> <span class='ocrx_word' id='word_1_130' title='bbox 433 1688 696 1746; x_wconf 76' lang='lat' dir='ltr'>moenibus</span> <span class='ocrx_word' id='word_1_131' title='bbox 721 1690 891 1744; x_wconf 80' lang='lat' dir='ltr'>tutari.</span> <span class='ocrx_word' id='word_1_132' title='bbox 944 1687 1229 1762; x_wconf 76' lang='lat' dir='ltr'>diutiusque</span> <span class='ocrx_word' id='word_1_133' title='bbox 1265 1686 1351 1762; x_wconf 82' lang='lat' dir='ltr'>spe</span> <span class='ocrx_word' id='word_1_134' title='bbox 1375 1691 1649 1743; x_wconf 85' lang='lat' dir='ltr'>Romano-</span> 
     </span>
     <span class='ocr_line' id='line_1_19' title="bbox 184 1765 1651 1841; baseline -0.002 -17"><span class='ocrx_word' id='word_1_135' title='bbox 184 1787 306 1825; x_wconf 86' lang='lat' dir='ltr'>rum</span> <span class='ocrx_word' id='word_1_136' title='bbox 336 1768 653 1825; x_wconf 75' lang='lat' dir='ltr'>obsidionem</span> <span class='ocrx_word' id='word_1_137' title='bbox 691 1787 807 1825; x_wconf 87' lang='lat' dir='ltr'>eam</span> <span class='ocrx_word' id='word_1_138' title='bbox 837 1769 1175 1831; x_wconf 78' lang='lat' dir='ltr'>extraxissent,</span> <span class='ocrx_word' id='word_1_139' title='bbox 1236 1768 1294 1823; x_wconf 88' lang='lat' dir='ltr'>ni</span> <span class='ocrx_word' id='word_1_140' title='bbox 1319 1765 1509 1826; x_wconf 84' lang='lat' dir='ltr'>exsules</span> <span class='ocrx_word' id='word_1_141' title='bbox 1533 1768 1651 1841; x_wconf 83' lang='lat' dir='ltr'>qui-</span> 
     </span>
     <span class='ocr_line' id='line_1_20' title="bbox 186 1846 1651 1926; baseline -0.001 -22"><span class='ocrx_word' id='word_1_142' title='bbox 186 1849 307 1905; x_wconf 89' lang='lat' dir='ltr'>dam</span> <span class='ocrx_word' id='word_1_143' title='bbox 345 1847 503 1907; x_wconf 89' lang='lat' dir='ltr'>Italici</span> <span class='ocrx_word' id='word_1_144' title='bbox 542 1850 753 1926; x_wconf 73' lang='lat' dir='ltr'>generiS,</span> <span class='ocrx_word' id='word_1_145' title='bbox 819 1848 1051 1906; x_wconf 90' lang='lat' dir='ltr'>Leucade</span> <span class='ocrx_word' id='word_1_146' title='bbox 1087 1846 1387 1923; x_wconf 73' lang='lat' dir='ltr'>habitantes,</span> <span class='ocrx_word' id='word_1_147' title='bbox 1440 1846 1505 1904; x_wconf 87' lang='lat' dir='ltr'>ab</span> <span class='ocrx_word' id='word_1_148' title='bbox 1537 1864 1651 1908; x_wconf 81' lang='lat' dir='ltr'>arce</span> 
     </span>
     <span class='ocr_line' id='line_1_21' title="bbox 184 1926 1648 2006; baseline -0.003 -19"><span class='ocrx_word' id='word_1_149' title='bbox 184 1930 372 2006; x_wconf 77' lang='lat' dir='ltr'>milites</span> <span class='ocrx_word' id='word_1_150' title='bbox 412 1930 726 2005; x_wconf 74' lang='lat' dir='ltr'>accepissent.</span> <span class='ocrx_word' id='word_1_151' title='bbox 779 1947 867 1984; x_wconf 90' lang='lat' dir='ltr'>eos</span> <span class='ocrx_word' id='word_1_152' title='bbox 908 1941 1106 1993; x_wconf 70' lang='lat' dir='ltr'>tamen,</span> <span class='ocrx_word' id='word_1_153' title='bbox 1156 1947 1219 1986; x_wconf 85' lang='lat' dir='ltr'>ex</span> <span class='ocrx_word' id='word_1_154' title='bbox 1252 1929 1503 2005; x_wconf 80' lang='lat' dir='ltr'>superiore</span> <span class='ocrx_word' id='word_1_155' title='bbox 1532 1926 1648 1985; x_wconf 87' lang='lat' dir='ltr'>loco</span> 
     </span>
     <span class='ocr_line' id='line_1_22' title="bbox 187 2006 1646 2087; baseline -0.001 -21"><span class='ocrx_word' id='word_1_156' title='bbox 187 2028 385 2087; x_wconf 86' lang='lat' dir='ltr'>magno</span> <span class='ocrx_word' id='word_1_157' title='bbox 412 2028 535 2066; x_wconf 89' lang='lat' dir='ltr'>cum</span> <span class='ocrx_word' id='word_1_158' title='bbox 570 2006 797 2066; x_wconf 89' lang='lat' dir='ltr'>tumultu</span> <span class='ocrx_word' id='word_1_159' title='bbox 837 2011 1173 2073; x_wconf 87' lang='lat' dir='ltr'>decurrentes,</span> <span class='ocrx_word' id='word_1_160' title='bbox 1205 2011 1313 2067; x_wconf 84' lang='lat' dir='ltr'>acie</span> <span class='ocrx_word' id='word_1_161' title='bbox 1342 2012 1395 2066; x_wconf 88' lang='lat' dir='ltr'>in</span> <span class='ocrx_word' id='word_1_162' title='bbox 1422 2009 1540 2066; x_wconf 88' lang='lat' dir='ltr'>foro</span> <span class='ocrx_word' id='word_1_163' title='bbox 1568 2009 1646 2065; x_wconf 80' lang='lat' dir='ltr'>in·</span> 
     </span>
     <span class='ocr_line' id='line_1_23' title="bbox 185 2088 1649 2166; baseline -0.001 -19"><span class='ocrx_word' id='word_1_164' title='bbox 185 2090 391 2155; x_wconf 61' lang='lat' dir='ltr'>fimeta,</span> <span class='ocrx_word' id='word_1_165' title='bbox 427 2091 564 2163; x_wconf 83' lang='lat' dir='ltr'>justo</span> <span class='ocrx_word' id='word_1_166' title='bbox 592 2090 781 2166; x_wconf 85' lang='lat' dir='ltr'>proelio</span> <span class='ocrx_word' id='word_1_167' title='bbox 803 2088 1115 2165; x_wconf 86' lang='lat' dir='ltr'>aliquamdiu</span> <span class='ocrx_word' id='word_1_168' title='bbox 1143 2092 1381 2152; x_wconf 83' lang='lat' dir='ltr'>Leucadii</span> <span class='ocrx_word' id='word_1_169' title='bbox 1404 2090 1649 2157; x_wconf 72' lang='lat' dir='ltr'>sustinue-²</span> 
     </span>
     <span class='ocr_line' id='line_1_24' title="bbox 185 2170 1647 2246; baseline 0.001 -19"><span class='ocrx_word' id='word_1_170' title='bbox 185 2183 325 2227; x_wconf 88' lang='lat' dir='ltr'>runt.</span> <span class='ocrx_word' id='word_1_171' title='bbox 402 2170 614 2227; x_wconf 86' lang='lat' dir='ltr'>Interim</span> <span class='ocrx_word' id='word_1_172' title='bbox 644 2175 700 2227; x_wconf 86' lang='lat'>&amp;</span> <span class='ocrx_word' id='word_1_173' title='bbox 735 2170 871 2226; x_wconf 87' lang='lat' dir='ltr'>scalis</span> <span class='ocrx_word' id='word_1_174' title='bbox 893 2185 1041 2246; x_wconf 88' lang='lat' dir='ltr'>capta</span> <span class='ocrx_word' id='word_1_175' title='bbox 1069 2172 1247 2229; x_wconf 83' lang='lat' dir='ltr'>multis</span> <span class='ocrx_word' id='word_1_176' title='bbox 1271 2172 1395 2227; x_wconf 86' lang='lat' dir='ltr'>locis</span> <span class='ocrx_word' id='word_1_177' title='bbox 1430 2173 1647 2234; x_wconf 84' lang='lat' dir='ltr'>moenia,</span> 
     </span>
     <span class='ocr_line' id='line_1_25' title="bbox 187 2249 1649 2328; baseline -0.001 -20"><span class='ocrx_word' id='word_1_178' title='bbox 187 2253 243 2308; x_wconf 74' lang='grc' dir='ltr'>δε</span> <span class='ocrx_word' id='word_1_179' title='bbox 277 2270 370 2325; x_wconf 87' lang='lat' dir='ltr'>per</span> <span class='ocrx_word' id='word_1_180' title='bbox 404 2252 622 2328; x_wconf 87' lang='lat' dir='ltr'>stragem</span> <span class='ocrx_word' id='word_1_181' title='bbox 665 2249 891 2326; x_wconf 86' lang='lat' dir='ltr'>lapidum</span> <span class='ocrx_word' id='word_1_182' title='bbox 925 2271 985 2309; x_wconf 91' lang='lat' dir='ltr'>ac</span> <span class='ocrx_word' id='word_1_183' title='bbox 1019 2254 1190 2309; x_wconf 87' lang='lat' dir='ltr'>ruinas</span> <span class='ocrx_word' id='word_1_184' title='bbox 1211 2250 1555 2308; x_wconf 84' lang='lat' dir='ltr'>transcensum</span> <span class='ocrx_word' id='word_1_185' title='bbox 1592 2252 1649 2306; x_wconf 85' lang='lat' dir='ltr'>in</span> 
     </span>
     <span class='ocr_line' id='line_1_26' title="bbox 186 2329 1648 2410; baseline 0.002 -25"><span class='ocrx_word' id='word_1_186' title='bbox 186 2330 387 2389; x_wconf 84' lang='lat' dir='ltr'>urbem.</span> <span class='ocrx_word' id='word_1_187' title='bbox 429 2332 645 2406; x_wconf 83' lang='lat' dir='ltr'>jamque</span> <span class='ocrx_word' id='word_1_188' title='bbox 690 2330 794 2406; x_wconf 87' lang='lat' dir='ltr'>ipse</span> <span class='ocrx_word' id='word_1_189' title='bbox 829 2329 1024 2409; x_wconf 86' lang='lat' dir='ltr'>legatus</span> <span class='ocrx_word' id='word_1_190' title='bbox 1064 2350 1261 2409; x_wconf 87' lang='lat' dir='ltr'>magno</span> <span class='ocrx_word' id='word_1_191' title='bbox 1295 2334 1506 2410; x_wconf 83' lang='lat' dir='ltr'>agmine</span> <span class='ocrx_word' id='word_1_192' title='bbox 1550 2332 1648 2389; x_wconf 75' lang='lat' dir='ltr'>cir-</span> 
     </span>
     <span class='ocr_line' id='line_1_27' title="bbox 186 2414 1650 2489; baseline 0.001 -21"><span class='ocrx_word' id='word_1_193' title='bbox 186 2425 514 2469; x_wconf 86' lang='lat' dir='ltr'>cumvenerat</span> <span class='ocrx_word' id='word_1_194' title='bbox 555 2424 856 2489; x_wconf 61' lang='lat' dir='ltr'>pugnantes⁸</span> <span class='ocrx_word' id='word_1_195' title='bbox 910 2431 1024 2487; x_wconf 88' lang='lat' dir='ltr'>pars</span> <span class='ocrx_word' id='word_1_196' title='bbox 1062 2416 1120 2469; x_wconf 88' lang='lat' dir='ltr'>in</span> <span class='ocrx_word' id='word_1_197' title='bbox 1158 2414 1333 2471; x_wconf 87' lang='lat' dir='ltr'>medio</span> <span class='ocrx_word' id='word_1_198' title='bbox 1356 2414 1486 2477; x_wconf 79' lang='lat' dir='ltr'>caefi,</span> <span class='ocrx_word' id='word_1_199' title='bbox 1537 2430 1650 2487; x_wconf 81' lang='lat' dir='ltr'>pars</span> 
     </span>
     <span class='ocr_line' id='line_1_28' title="bbox 183 2492 1654 2568; baseline -0.001 -19"><span class='ocrx_word' id='word_1_200' title='bbox 183 2494 340 2549; x_wconf 85' lang='lat' dir='ltr'>armis</span> <span class='ocrx_word' id='word_1_201' title='bbox 368 2492 579 2568; x_wconf 69' lang='lat' dir='ltr'>abjeetis</span> <span class='ocrx_word' id='word_1_202' title='bbox 612 2493 908 2551; x_wconf 80' lang='lat' dir='ltr'>dediderunt</span> <span class='ocrx_word' id='word_1_203' title='bbox 932 2494 985 2550; x_wconf 85' lang='lat' dir='ltr'>se</span> <span class='ocrx_word' id='word_1_204' title='bbox 1010 2495 1214 2551; x_wconf 67' lang='lat' dir='ltr'>vistori.</span> <span class='ocrx_word' id='word_1_205' title='bbox 1292 2499 1361 2552; x_wconf 86' lang='lat' dir='ltr'>Et</span> <span class='ocrx_word' id='word_1_206' title='bbox 1397 2496 1513 2568; x_wconf 91' lang='lat' dir='ltr'>post</span> <span class='ocrx_word' id='word_1_207' title='bbox 1544 2495 1654 2550; x_wconf 83' lang='lat' dir='ltr'>dies</span> 
     </span>
     <span class='ocr_line' id='line_1_29' title="bbox 183 2572 1650 2651; baseline 0.001 -22"><span class='ocrx_word' id='word_1_208' title='bbox 183 2592 374 2651; x_wconf 81' lang='lat' dir='ltr'>paucos</span> <span class='ocrx_word' id='word_1_209' title='bbox 398 2575 569 2633; x_wconf 85' lang='lat' dir='ltr'>audito</span> <span class='ocrx_word' id='word_1_210' title='bbox 598 2572 804 2650; x_wconf 82' lang='lat' dir='ltr'>proeli0,</span> <span class='ocrx_word' id='word_1_211' title='bbox 859 2576 1000 2650; x_wconf 87' lang='lat' dir='ltr'>quod</span> <span class='ocrx_word' id='word_1_212' title='bbox 1025 2576 1088 2632; x_wconf 87' lang='lat' dir='ltr'>ad</span> <span class='ocrx_word' id='word_1_213' title='bbox 1115 2575 1523 2651; x_wconf 82' lang='lat' dir='ltr'>Cynoscephalas</span> <span class='ocrx_word' id='word_1_214' title='bbox 1552 2593 1650 2648; x_wconf 84' lang='lat' dir='ltr'>pu·</span> 
     </span>
     <span class='ocr_line' id='line_1_30' title="bbox 183 2655 1654 2733; baseline -0.001 -22"><span class='ocrx_word' id='word_1_215' title='bbox 183 2669 399 2733; x_wconf 82' lang='lat' dir='ltr'>gnatum</span> <span class='ocrx_word' id='word_1_216' title='bbox 430 2670 554 2721; x_wconf 87' lang='lat' dir='ltr'>erat,</span> <span class='ocrx_word' id='word_1_217' title='bbox 607 2675 790 2713; x_wconf 88' lang='lat' dir='ltr'>omnes</span> <span class='ocrx_word' id='word_1_218' title='bbox 817 2656 989 2733; x_wconf 88' lang='lat' dir='ltr'>populi</span> <span class='ocrx_word' id='word_1_219' title='bbox 1015 2658 1306 2715; x_wconf 78' lang='lat' dir='ltr'>Acarnaniae</span> <span class='ocrx_word' id='word_1_220' title='bbox 1343 2657 1396 2713; x_wconf 91' lang='lat' dir='ltr'>in</span> <span class='ocrx_word' id='word_1_221' title='bbox 1433 2655 1654 2732; x_wconf 54' lang='lat' dir='ltr'>deditiog</span> 
     </span>
     <span class='ocr_line' id='line_1_31' title="bbox 182 2736 768 2814; baseline 0.003 -20"><span class='ocrx_word' id='word_1_222' title='bbox 182 2754 301 2794; x_wconf 87' lang='lat' dir='ltr'>nem</span> <span class='ocrx_word' id='word_1_223' title='bbox 327 2736 478 2814; x_wconf 87' lang='lat' dir='ltr'>legati</span> <span class='ocrx_word' id='word_1_224' title='bbox 505 2752 768 2796; x_wconf 88' lang='lat' dir='ltr'>venerunt.</span> 
     </span>
    </p>

    <p class='ocr_par' dir='ltr' id='par_1_3' title="bbox 184 2816 1648 2978">
     <span class='ocr_line' id='line_1_32' title="bbox 262 2816 1648 2885; baseline -0.001 -9"><span class='ocrx_word' id='word_1_225' title='bbox 262 2819 468 2876; x_wconf 88' lang='lat' dir='ltr'>XVIII.</span> <span class='ocrx_word' id='word_1_226' title='bbox 506 2818 691 2875; x_wconf 87' lang='lat' dir='ltr'>Iisdem</span> <span class='ocrx_word' id='word_1_227' title='bbox 732 2817 925 2885; x_wconf 85' lang='lat' dir='ltr'>diebus,</span> <span class='ocrx_word' id='word_1_228' title='bbox 977 2820 1154 2876; x_wconf 89' lang='lat' dir='ltr'>omnia</span> <span class='ocrx_word' id='word_1_229' title='bbox 1185 2817 1337 2875; x_wconf 80' lang='lat' dir='ltr'>fimnl</span> <span class='ocrx_word' id='word_1_230' title='bbox 1371 2816 1648 2877; x_wconf 85' lang='lat' dir='ltr'>inclinante</span> 
     </span>
     <span class='ocr_line' id='line_1_33' title="bbox 184 2897 1645 2978; baseline -0.001 -24"><span class='ocrx_word' id='word_1_231' title='bbox 184 2900 405 2962; x_wconf 79' lang='lat' dir='ltr'>fortuna,</span> <span class='ocrx_word' id='word_1_232' title='bbox 450 2899 643 2956; x_wconf 86' lang='lat' dir='ltr'>Rhodii</span> <span class='ocrx_word' id='word_1_233' title='bbox 681 2919 888 2978; x_wconf 88' lang='lat' dir='ltr'>quoque</span> <span class='ocrx_word' id='word_1_234' title='bbox 918 2902 979 2960; x_wconf 90' lang='lat' dir='ltr'>ad</span> <span class='ocrx_word' id='word_1_235' title='bbox 1015 2898 1373 2957; x_wconf 86' lang='lat' dir='ltr'>vindicandam</span> <span class='ocrx_word' id='word_1_236' title='bbox 1399 2897 1427 2955; x_wconf 74' lang='grc' dir='ltr'>ὲ</span> <span class='ocrx_word' id='word_1_237' title='bbox 1455 2897 1645 2974; x_wconf 80' lang='lat' dir='ltr'>Philip-</span> 
     </span>
    </p>
   </div>
   <div class='ocr_carea' id='block_1_3' title="bbox 181 2977 1644 3119">
    <p class='ocr_par' dir='ltr' id='par_1_4' title="bbox 181 2977 1644 3119">
     <span class='ocr_line' id='line_1_34' title="bbox 181 2977 1644 3118; baseline 0.001 -81"><span class='ocrx_word' id='word_1_238' title='bbox 181 2998 252 3059; x_wconf 77' lang='lat' dir='ltr'>po</span> <span class='ocrx_word' id='word_1_239' title='bbox 281 2980 632 3065; x_wconf 65' lang='lat' dir='ltr'>continentem</span> <span class='ocrx_word' id='word_1_240' title='bbox 656 2983 942 3061; x_wconf 83' lang='lat' dir='ltr'>regionem,</span> <span class='ocrx_word' id='word_1_241' title='bbox 995 2985 1241 3055; x_wconf 72' lang='lat' dir='ltr'>(Peraeam</span> <span class='ocrx_word' id='word_1_242' title='bbox 1279 2983 1495 3118; x_wconf 55' lang='lat' dir='ltr'>vocant}</span> <span class='ocrx_word' id='word_1_243' title='bbox 1513 2977 1644 3116; x_wconf 51' lang='lat' dir='ltr'>ipos*</span> 
     </span>
     <span class='ocr_line' id='line_1_35' title="bbox 1482 3077 1639 3119; baseline 0.013 -2"><span class='ocrx_word' id='word_1_244' title='bbox 1482 3080 1507 3117; x_wconf 89' lang='lat' dir='ltr'>e</span> <span class='ocrx_word' id='word_1_245' title='bbox 1552 3077 1639 3119; x_wconf 86' lang='lat' dir='ltr'>am</span> 
     </span>
    </p>
   </div>
  </div>
 </body>
</html>
