<?xml version="1.0" encoding="UTF-8"?>
<!DOCTYPE html PUBLIC "-//W3C//DTD XHTML 1.0 Transitional//EN"
    "http://www.w3.org/TR/xhtml1/DTD/xhtml1-transitional.dtd">
<html xmlns="http://www.w3.org/1999/xhtml" xml:lang="en" lang="en">
 <head>
  <title>
</title>
<meta http-equiv="Content-Type" content="text/html;charset=utf-8" />
  <meta name='ocr-system' content='tesseract 3.04.00' />
  <meta name='ocr-capabilities' content='ocr_page ocr_carea ocr_par ocr_line ocrx_word'/>
</head>
<body>
  <div class='ocr_page' id='page_1' title='image "./tliviipatavinih10livygoog_0347.png"; bbox 0 0 2063 3607; ppageno 0'>
   <div class='ocr_carea' id='block_1_1' title="bbox 563 271 1759 362">
    <p class='ocr_par' dir='ltr' id='par_1_1' title="bbox 563 271 1759 362">
     <span class='ocr_line' id='line_1_1' title="bbox 563 271 1759 362; baseline 0 -21"><span class='ocrx_word' id='word_1_1' title='bbox 563 278 624 341; x_wconf 54' lang='grc' dir='ltr'>ἰ,</span> <span class='ocrx_word' id='word_1_2' title='bbox 669 278 690 339; x_wconf 83' lang='lat'>1</span> <span class='ocrx_word' id='word_1_3' title='bbox 738 275 788 339; x_wconf 75' lang='grc' dir='ltr'>Β</span> <span class='ocrx_word' id='word_1_4' title='bbox 828 273 880 336; x_wconf 65' lang='grc' dir='ltr'><strong><em>Ε</em></strong></span> <span class='ocrx_word' id='word_1_5' title='bbox 925 272 988 336; x_wconf 82' lang='lat' dir='ltr'>R</span> <span class='ocrx_word' id='word_1_6' title='bbox 1072 271 1395 339; x_wconf 63' lang='lat' dir='ltr'>xxxma</span> <span class='ocrx_word' id='word_1_7' title='bbox 1641 296 1759 362; x_wconf 67' lang='lat'>341</span> 
     </span>
    </p>
   </div>
   <div class='ocr_carea' id='block_1_2' title="bbox 279 384 1774 3132">
    <p class='ocr_par' dir='ltr' id='par_1_2' title="bbox 279 384 1774 3054">
     <span class='ocr_line' id='line_1_2' title="bbox 302 384 1760 462; baseline -0.005 -16"><span class='ocrx_word' id='word_1_8' title='bbox 302 387 579 449; x_wconf 78' lang='lat' dir='ltr'>mulentus,</span> <span class='ocrx_word' id='word_1_9' title='bbox 618 387 1027 462; x_wconf 79' lang='lat' dir='ltr'>prosequentibus</span> <span class='ocrx_word' id='word_1_10' title='bbox 1067 384 1302 440; x_wconf 83' lang='lat' dir='ltr'>mollibus</span> <span class='ocrx_word' id='word_1_11' title='bbox 1334 386 1470 447; x_wconf 74' lang='lat' dir='ltr'>viriS,</span> <span class='ocrx_word' id='word_1_12' title='bbox 1522 386 1612 459; x_wconf 87' lang='lat' dir='ltr'>qui</span> <span class='ocrx_word' id='word_1_13' title='bbox 1650 386 1760 458; x_wconf 83' lang='lat' dir='ltr'>joci</span> 
     </span>
     <span class='ocr_line' id='line_1_3' title="bbox 302 464 1762 529; baseline -0.005 -3"><span class='ocrx_word' id='word_1_14' title='bbox 302 472 465 526; x_wconf 80' lang='lat' dir='ltr'>cauffa</span> <span class='ocrx_word' id='word_1_15' title='bbox 494 470 734 524; x_wconf 79' lang='lat' dir='ltr'>convivio</span> <span class='ocrx_word' id='word_1_16' title='bbox 759 467 936 523; x_wconf 77' lang='lat' dir='ltr'>celebri</span> <span class='ocrx_word' id='word_1_17' title='bbox 958 468 1311 528; x_wconf 72' lang='lat' dir='ltr'>interfuerant,</span> <span class='ocrx_word' id='word_1_18' title='bbox 1355 466 1415 521; x_wconf 84' lang='lat' dir='ltr'>ab</span> <span class='ocrx_word' id='word_1_19' title='bbox 1439 464 1520 521; x_wconf 80' lang='lat' dir='ltr'>sex</span> <span class='ocrx_word' id='word_1_20' title='bbox 1536 466 1762 529; x_wconf 74' lang='lat' dir='ltr'>armatiS,</span> 
     </span>
     <span class='ocr_line' id='line_1_4' title="bbox 302 546 1760 624; baseline -0.003 -18"><span class='ocrx_word' id='word_1_21' title='bbox 302 568 526 624; x_wconf 81' lang='lat' dir='ltr'>quorum</span> <span class='ocrx_word' id='word_1_22' title='bbox 556 564 653 606; x_wconf 79' lang='lat' dir='ltr'>tres</span> <span class='ocrx_word' id='word_1_23' title='bbox 682 548 856 610; x_wconf 82' lang='lat' dir='ltr'>Italici,</span> <span class='ocrx_word' id='word_1_24' title='bbox 894 564 989 604; x_wconf 85' lang='lat' dir='ltr'>tres</span> <span class='ocrx_word' id='word_1_25' title='bbox 1018 546 1348 607; x_wconf 81' lang='lat' dir='ltr'>AEtolierant,</span> <span class='ocrx_word' id='word_1_26' title='bbox 1377 549 1760 603; x_wconf 85' lang='lat' dir='ltr'>circumventus</span> 
     </span>
     <span class='ocr_line' id='line_1_5' title="bbox 300 626 1758 707; baseline 0 -24"><span class='ocrx_word' id='word_1_27' title='bbox 300 632 564 688; x_wconf 87' lang='lat' dir='ltr'>occiditur.</span> <span class='ocrx_word' id='word_1_28' title='bbox 650 635 786 707; x_wconf 82' lang='lat' dir='ltr'>Fuga</span> <span class='ocrx_word' id='word_1_29' title='bbox 827 630 1104 691; x_wconf 88' lang='lat' dir='ltr'>comitum,</span> <span class='ocrx_word' id='word_1_30' title='bbox 1144 632 1196 684; x_wconf 70' lang='grc' dir='ltr'>δε</span> <span class='ocrx_word' id='word_1_31' title='bbox 1225 628 1482 702; x_wconf 82' lang='lat' dir='ltr'>quiritatio</span> <span class='ocrx_word' id='word_1_32' title='bbox 1514 626 1663 688; x_wconf 72' lang='lat' dir='ltr'>fasta,</span> <span class='ocrx_word' id='word_1_33' title='bbox 1703 631 1758 683; x_wconf 63' lang='grc' dir='ltr'>ὃς</span> 
     </span>
     <span class='ocr_line' id='line_1_6' title="bbox 298 706 1774 768; baseline -0.001 -4"><span class='ocrx_word' id='word_1_34' title='bbox 298 713 551 768; x_wconf 86' lang='lat' dir='ltr'>tumultus</span> <span class='ocrx_word' id='word_1_35' title='bbox 588 726 694 768; x_wconf 84' lang='lat' dir='ltr'>tota</span> <span class='ocrx_word' id='word_1_36' title='bbox 724 710 845 767; x_wconf 87' lang='lat' dir='ltr'>urbe</span> <span class='ocrx_word' id='word_1_37' title='bbox 882 709 1266 765; x_wconf 84' lang='lat' dir='ltr'>discurrentium</span> <span class='ocrx_word' id='word_1_38' title='bbox 1311 728 1432 764; x_wconf 89' lang='lat' dir='ltr'>cum</span> <span class='ocrx_word' id='word_1_39' title='bbox 1463 706 1774 763; x_wconf 49' lang='lat' dir='ltr'>luminibusa</span> 
     </span>
     <span class='ocr_line' id='line_1_7' title="bbox 298 788 1760 885; baseline -0.002 -39"><span class='ocrx_word' id='word_1_40' title='bbox 298 794 605 885; x_wconf 74' lang='lat' dir='ltr'>percussores</span> <span class='ocrx_word' id='word_1_41' title='bbox 629 794 867 868; x_wconf 86' lang='lat' dir='ltr'>proxima</span> <span class='ocrx_word' id='word_1_42' title='bbox 891 805 1038 866; x_wconf 85' lang='lat' dir='ltr'>porta</span> <span class='ocrx_word' id='word_1_43' title='bbox 1067 788 1342 844; x_wconf 85' lang='lat' dir='ltr'>evaserunt.</span> <span class='ocrx_word' id='word_1_44' title='bbox 1425 794 1566 845; x_wconf 88' lang='lat' dir='ltr'>Luce</span> <span class='ocrx_word' id='word_1_45' title='bbox 1586 788 1760 862; x_wconf 78' lang='lat' dir='ltr'>prima</span> 
     </span>
     <span class='ocr_line' id='line_1_8' title="bbox 301 870 1756 949; baseline -0.003 -21"><span class='ocrx_word' id='word_1_46' title='bbox 301 875 488 929; x_wconf 82' lang='lat' dir='ltr'>concio</span> <span class='ocrx_word' id='word_1_47' title='bbox 522 876 768 949; x_wconf 87' lang='lat' dir='ltr'>frequens,</span> <span class='ocrx_word' id='word_1_48' title='bbox 815 871 944 927; x_wconf 87' lang='lat' dir='ltr'>velut</span> <span class='ocrx_word' id='word_1_49' title='bbox 972 873 1190 926; x_wconf 65' lang='lat' dir='ltr'>exstarte</span> <span class='ocrx_word' id='word_1_50' title='bbox 1213 870 1418 932; x_wconf 81' lang='lat' dir='ltr'>ind1c1o</span> <span class='ocrx_word' id='word_1_51' title='bbox 1462 872 1525 924; x_wconf 85' lang='lat' dir='ltr'>ad</span> <span class='ocrx_word' id='word_1_52' title='bbox 1566 888 1756 925; x_wconf 86' lang='lat' dir='ltr'>vocem</span> 
     </span>
     <span class='ocr_line' id='line_1_9' title="bbox 298 948 1758 1026; baseline -0.003 -19"><span class='ocrx_word' id='word_1_53' title='bbox 298 956 547 1026; x_wconf 77' lang='lat' dir='ltr'>praeconis</span> <span class='ocrx_word' id='word_1_54' title='bbox 577 967 859 1011; x_wconf 76' lang='lat' dir='ltr'>convocata</span> <span class='ocrx_word' id='word_1_55' title='bbox 885 954 937 1006; x_wconf 88' lang='lat' dir='ltr'>in</span> <span class='ocrx_word' id='word_1_56' title='bbox 962 950 1162 1007; x_wconf 84' lang='lat' dir='ltr'>theatro</span> <span class='ocrx_word' id='word_1_57' title='bbox 1182 964 1298 1007; x_wconf 89' lang='lat' dir='ltr'>erat.</span> <span class='ocrx_word' id='word_1_58' title='bbox 1379 949 1547 1005; x_wconf 87' lang='lat' dir='ltr'>Palam</span> <span class='ocrx_word' id='word_1_59' title='bbox 1578 949 1639 1004; x_wconf 86' lang='lat' dir='ltr'>ab</span> <span class='ocrx_word' id='word_1_60' title='bbox 1661 948 1758 1004; x_wconf 75' lang='lat' dir='ltr'>suo</span> 
     </span>
     <span class='ocr_line' id='line_1_10' title="bbox 299 1029 1759 1100; baseline -0.003 -11"><span class='ocrx_word' id='word_1_61' title='bbox 299 1037 567 1100; x_wconf 80' lang='lat' dir='ltr'>comitatu,</span> <span class='ocrx_word' id='word_1_62' title='bbox 619 1041 672 1091; x_wconf 84' lang='lat'>&amp;</span> <span class='ocrx_word' id='word_1_63' title='bbox 704 1032 960 1090; x_wconf 83' lang='lat' dir='ltr'>obscoenis</span> <span class='ocrx_word' id='word_1_64' title='bbox 994 1031 1087 1085; x_wconf 85' lang='lat' dir='ltr'>illis</span> <span class='ocrx_word' id='word_1_65' title='bbox 1118 1031 1236 1086; x_wconf 87' lang='lat' dir='ltr'>viris</span> <span class='ocrx_word' id='word_1_66' title='bbox 1277 1029 1561 1086; x_wconf 85' lang='lat' dir='ltr'>fremebant</span> <span class='ocrx_word' id='word_1_67' title='bbox 1598 1032 1759 1085; x_wconf 80' lang='lat' dir='ltr'>inter-—</span> 
     </span>
     <span class='ocr_line' id='line_1_11' title="bbox 299 1107 1759 1187; baseline -0.003 -18"><span class='ocrx_word' id='word_1_68' title='bbox 299 1114 527 1172; x_wconf 69' lang='lat' dir='ltr'>fecfitum:</span> <span class='ocrx_word' id='word_1_69' title='bbox 570 1117 755 1172; x_wconf 80' lang='lat' dir='ltr'>animis</span> <span class='ocrx_word' id='word_1_70' title='bbox 797 1129 967 1169; x_wconf 88' lang='lat' dir='ltr'>autem</span> <span class='ocrx_word' id='word_1_71' title='bbox 995 1113 1326 1187; x_wconf 74' lang='lat' dir='ltr'>Zeuxippum</span> <span class='ocrx_word' id='word_1_72' title='bbox 1361 1113 1624 1167; x_wconf 63' lang='lat' dir='ltr'>audiorem</span> <span class='ocrx_word' id='word_1_73' title='bbox 1667 1107 1759 1166; x_wconf 80' lang='lat' dir='ltr'>de·-</span> 
     </span>
     <span class='ocr_line' id='line_1_12' title="bbox 298 1191 1762 1268; baseline -0.005 -17"><span class='ocrx_word' id='word_1_74' title='bbox 298 1197 550 1252; x_wconf 85' lang='lat' dir='ltr'>stinabant</span> <span class='ocrx_word' id='word_1_75' title='bbox 582 1198 745 1253; x_wconf 71' lang='lat' dir='ltr'>cadis,</span> <span class='ocrx_word' id='word_1_76' title='bbox 825 1198 887 1249; x_wconf 88' lang='lat' dir='ltr'>In</span> <span class='ocrx_word' id='word_1_77' title='bbox 915 1193 1172 1268; x_wconf 78' lang='lat' dir='ltr'>praesentia</span> <span class='ocrx_word' id='word_1_78' title='bbox 1203 1192 1388 1267; x_wconf 80' lang='lat' dir='ltr'>placuit</span> <span class='ocrx_word' id='word_1_79' title='bbox 1416 1191 1762 1265; x_wconf 70' lang='lat' dir='ltr'>comprehen=</span> 
     </span>
     <span class='ocr_line' id='line_1_13' title="bbox 295 1271 1755 1352; baseline -0.002 -23"><span class='ocrx_word' id='word_1_80' title='bbox 295 1275 352 1330; x_wconf 85' lang='lat' dir='ltr'>di</span> <span class='ocrx_word' id='word_1_81' title='bbox 380 1295 483 1339; x_wconf 86' lang='lat' dir='ltr'>eos,</span> <span class='ocrx_word' id='word_1_82' title='bbox 522 1280 611 1352; x_wconf 79' lang='lat' dir='ltr'>qui</span> <span class='ocrx_word' id='word_1_83' title='bbox 646 1275 796 1332; x_wconf 78' lang='lat' dir='ltr'>simul</span> <span class='ocrx_word' id='word_1_84' title='bbox 825 1275 1057 1337; x_wconf 81' lang='lat' dir='ltr'>fuiffent,</span> <span class='ocrx_word' id='word_1_85' title='bbox 1107 1275 1542 1348; x_wconf 70' lang='lat' dir='ltr'>quaestionemque</span> <span class='ocrx_word' id='word_1_86' title='bbox 1570 1291 1631 1327; x_wconf 83' lang='lat' dir='ltr'>ex</span> <span class='ocrx_word' id='word_1_87' title='bbox 1676 1271 1755 1326; x_wconf 76' lang='lat' dir='ltr'>his</span> 
     </span>
     <span class='ocr_line' id='line_1_14' title="bbox 296 1353 1756 1446; baseline -0.001 -37"><span class='ocrx_word' id='word_1_88' title='bbox 296 1354 482 1413; x_wconf 81' lang='lat' dir='ltr'>haberi.</span> <span class='ocrx_word' id='word_1_89' title='bbox 523 1360 609 1432; x_wconf 86' lang='lat' dir='ltr'>qui</span> <span class='ocrx_word' id='word_1_90' title='bbox 638 1359 761 1412; x_wconf 88' lang='lat' dir='ltr'>dum</span> <span class='ocrx_word' id='word_1_91' title='bbox 787 1369 1099 1431; x_wconf 70' lang='lat' dir='ltr'>quaeruntur,</span> <span class='ocrx_word' id='word_1_92' title='bbox 1146 1355 1470 1446; x_wconf 70' lang='lat' dir='ltr'>&#39;}.⁷,euxippus,¹</span> <span class='ocrx_word' id='word_1_93' title='bbox 1503 1353 1756 1410; x_wconf 70' lang='lat' dir='ltr'>consimili</span> 
     </span>
     <span class='ocr_line' id='line_1_15' title="bbox 293 1435 1761 1501; baseline -0.003 -9"><span class='ocrx_word' id='word_1_94' title='bbox 293 1439 490 1501; x_wconf 78' lang='lat' dir='ltr'>anime,</span> <span class='ocrx_word' id='word_1_95' title='bbox 527 1439 780 1494; x_wconf 84' lang='lat' dir='ltr'>avertendi</span> <span class='ocrx_word' id='word_1_96' title='bbox 809 1437 872 1492; x_wconf 89' lang='lat' dir='ltr'>ab</span> <span class='ocrx_word' id='word_1_97' title='bbox 897 1435 1197 1491; x_wconf 53' lang='lat' dir='ltr'>serriminis</span> <span class='ocrx_word' id='word_1_98' title='bbox 1226 1435 1405 1497; x_wconf 79' lang='lat' dir='ltr'>cauffa,</span> <span class='ocrx_word' id='word_1_99' title='bbox 1457 1436 1511 1488; x_wconf 86' lang='lat' dir='ltr'>in</span> <span class='ocrx_word' id='word_1_100' title='bbox 1547 1436 1761 1489; x_wconf 81' lang='lat' dir='ltr'>concio-</span> 
     </span>
     <span class='ocr_line' id='line_1_16' title="bbox 296 1513 1756 1595; baseline -0.002 -23"><span class='ocrx_word' id='word_1_101' title='bbox 296 1535 419 1572; x_wconf 84' lang='lat' dir='ltr'>nem</span> <span class='ocrx_word' id='word_1_102' title='bbox 448 1518 749 1595; x_wconf 66' lang='lat' dir='ltr'>progreffuS,</span> <span class='ocrx_word' id='word_1_103' title='bbox 784 1535 939 1572; x_wconf 80' lang='lat' dir='ltr'>errare</span> <span class='ocrx_word' id='word_1_104' title='bbox 972 1518 1040 1571; x_wconf 85' lang='lat' dir='ltr'>ait</span> <span class='ocrx_word' id='word_1_105' title='bbox 1067 1514 1322 1576; x_wconf 77' lang='lat' dir='ltr'>homineS,</span> <span class='ocrx_word' id='word_1_106' title='bbox 1357 1516 1446 1589; x_wconf 86' lang='lat' dir='ltr'>qui</span> <span class='ocrx_word' id='word_1_107' title='bbox 1471 1529 1584 1570; x_wconf 82' lang='lat' dir='ltr'>tam</span> <span class='ocrx_word' id='word_1_108' title='bbox 1617 1513 1756 1571; x_wconf 71' lang='lat' dir='ltr'>atro«²</span> 
     </span>
     <span class='ocr_line' id='line_1_17' title="bbox 296 1588 1761 1670; baseline -0.003 -17"><span class='ocrx_word' id='word_1_109' title='bbox 296 1616 415 1654; x_wconf 77' lang='lat' dir='ltr'>cem</span> <span class='ocrx_word' id='word_1_110' title='bbox 446 1601 637 1655; x_wconf 82' lang='lat' dir='ltr'>caedem</span> <span class='ocrx_word' id='word_1_111' title='bbox 676 1599 923 1670; x_wconf 86' lang='lat' dir='ltr'>pertinere</span> <span class='ocrx_word' id='word_1_112' title='bbox 956 1597 1018 1649; x_wconf 91' lang='lat' dir='ltr'>ad</span> <span class='ocrx_word' id='word_1_113' title='bbox 1058 1594 1163 1650; x_wconf 87' lang='lat' dir='ltr'>illos</span> <span class='ocrx_word' id='word_1_114' title='bbox 1191 1594 1456 1650; x_wconf 72' lang='lat' dir='ltr'>semiviros</span> <span class='ocrx_word' id='word_1_115' title='bbox 1481 1588 1761 1651; x_wconf 71' lang='lat' dir='ltr'>crederent</span> 
     </span>
     <span class='ocr_line' id='line_1_18' title="bbox 293 1674 1753 1754; baseline -0.003 -20"><span class='ocrx_word' id='word_1_116' title='bbox 293 1678 559 1754; x_wconf 84' lang='lat' dir='ltr'>multaque</span> <span class='ocrx_word' id='word_1_117' title='bbox 592 1681 642 1733; x_wconf 90' lang='lat' dir='ltr'>in</span> <span class='ocrx_word' id='word_1_118' title='bbox 670 1697 784 1733; x_wconf 88' lang='lat' dir='ltr'>earn</span> <span class='ocrx_word' id='word_1_119' title='bbox 825 1691 1017 1750; x_wconf 88' lang='lat' dir='ltr'>partem</span> <span class='ocrx_word' id='word_1_120' title='bbox 1066 1674 1382 1749; x_wconf 79' lang='lat' dir='ltr'>probabiliter</span> <span class='ocrx_word' id='word_1_121' title='bbox 1418 1691 1753 1752; x_wconf 80' lang='lat' dir='ltr'>argumenta-</span> 
     </span>
     <span class='ocr_line' id='line_1_19' title="bbox 292 1755 1754 1834; baseline -0.003 -19"><span class='ocrx_word' id='word_1_122' title='bbox 292 1768 400 1816; x_wconf 76' lang='lat' dir='ltr'>tus:</span> <span class='ocrx_word' id='word_1_123' title='bbox 445 1760 622 1834; x_wconf 87' lang='lat' dir='ltr'>quibus</span> <span class='ocrx_word' id='word_1_124' title='bbox 658 1759 811 1815; x_wconf 87' lang='lat' dir='ltr'>fidem</span> <span class='ocrx_word' id='word_1_125' title='bbox 842 1757 971 1832; x_wconf 88' lang='lat' dir='ltr'>apud</span> <span class='ocrx_word' id='word_1_126' title='bbox 996 1755 1244 1831; x_wconf 84' lang='lat' dir='ltr'>quosdam</span> <span class='ocrx_word' id='word_1_127' title='bbox 1276 1755 1413 1819; x_wconf 85' lang='lat' dir='ltr'>fecit,</span> <span class='ocrx_word' id='word_1_128' title='bbox 1464 1775 1754 1832; x_wconf 83' lang='lat' dir='ltr'>nunquam,</span> 
     </span>
     <span class='ocr_line' id='line_1_20' title="bbox 292 1836 1756 1903; baseline -0.001 -7"><span class='ocrx_word' id='word_1_129' title='bbox 292 1841 334 1896; x_wconf 87' lang='lat' dir='ltr'><strong>fi</strong></span> <span class='ocrx_word' id='word_1_130' title='bbox 362 1842 590 1898; x_wconf 83' lang='lat' dir='ltr'>conscius</span> <span class='ocrx_word' id='word_1_131' title='bbox 614 1842 750 1903; x_wconf 81' lang='lat' dir='ltr'>effet,</span> <span class='ocrx_word' id='word_1_132' title='bbox 785 1839 1074 1896; x_wconf 88' lang='lat' dir='ltr'>oblaturum</span> <span class='ocrx_word' id='word_1_133' title='bbox 1103 1839 1152 1893; x_wconf 74' lang='lat' dir='ltr'>{e</span> <span class='ocrx_word' id='word_1_134' title='bbox 1180 1836 1506 1901; x_wconf 83' lang='lat' dir='ltr'>multitudini,</span> <span class='ocrx_word' id='word_1_135' title='bbox 1526 1840 1756 1894; x_wconf 86' lang='lat' dir='ltr'>mentio-</span> 
     </span>
     <span class='ocr_line' id='line_1_21' title="bbox 290 1919 1753 1978; baseline -0.001 -2"><span class='ocrx_word' id='word_1_136' title='bbox 290 1939 481 1978; x_wconf 84' lang='lat' dir='ltr'>nemve</span> <span class='ocrx_word' id='word_1_137' title='bbox 516 1923 661 1978; x_wconf 85' lang='lat' dir='ltr'>caedis</span> <span class='ocrx_word' id='word_1_138' title='bbox 686 1921 822 1977; x_wconf 86' lang='lat' dir='ltr'>nullo</span> <span class='ocrx_word' id='word_1_139' title='bbox 850 1921 1107 1977; x_wconf 76' lang='lat' dir='ltr'>lacessente</span> <span class='ocrx_word' id='word_1_140' title='bbox 1131 1921 1392 1975; x_wconf 56' lang='lat' dir='ltr'>faciurum</span> <span class='ocrx_word' id='word_1_141' title='bbox 1423 1920 1586 1978; x_wconf 69' lang='lat' dir='ltr'>fuisst.</span> <span class='ocrx_word' id='word_1_142' title='bbox 1654 1919 1753 1975; x_wconf 82' lang='lat' dir='ltr'>Alii</span> 
     </span>
     <span class='ocr_line' id='line_1_22' title="bbox 288 1996 1758 2075; baseline -0.003 -16"><span class='ocrx_word' id='word_1_143' title='bbox 288 2022 398 2059; x_wconf 78' lang='lat' dir='ltr'>non</span> <span class='ocrx_word' id='word_1_144' title='bbox 428 2002 663 2065; x_wconf 84' lang='lat' dir='ltr'>dubitare,</span> <span class='ocrx_word' id='word_1_145' title='bbox 705 2003 916 2058; x_wconf 84' lang='lat' dir='ltr'>obviam</span> <span class='ocrx_word' id='word_1_146' title='bbox 948 2002 1114 2056; x_wconf 89' lang='lat' dir='ltr'>eundo</span> <span class='ocrx_word' id='word_1_147' title='bbox 1142 2002 1483 2075; x_wconf 83' lang='lat' dir='ltr'>impudenter,</span> <span class='ocrx_word' id='word_1_148' title='bbox 1521 1996 1758 2058; x_wconf 73' lang='lat' dir='ltr'>criminis</span> 
     </span>
     <span class='ocr_line' id='line_1_23' title="bbox 290 2080 1753 2159; baseline -0.001 -20"><span class='ocrx_word' id='word_1_149' title='bbox 290 2083 629 2159; x_wconf 76' lang='lat' dir='ltr'>suspicionem</span> <span class='ocrx_word' id='word_1_150' title='bbox 672 2085 847 2140; x_wconf 83' lang='lat' dir='ltr'>averti.</span> <span class='ocrx_word' id='word_1_151' title='bbox 933 2084 1084 2139; x_wconf 85' lang='lat' dir='ltr'>Torti</span> <span class='ocrx_word' id='word_1_152' title='bbox 1129 2080 1240 2155; x_wconf 74' lang='lat' dir='ltr'>post</span> <span class='ocrx_word' id='word_1_153' title='bbox 1289 2083 1453 2155; x_wconf 86' lang='lat' dir='ltr'>paullo</span> <span class='ocrx_word' id='word_1_154' title='bbox 1495 2082 1753 2144; x_wconf 82' lang='lat' dir='ltr'>insontes,</span> 
     </span>
     <span class='ocr_line' id='line_1_24' title="bbox 290 2164 1762 2238; baseline -0.002 -18"><span class='ocrx_word' id='word_1_155' title='bbox 290 2184 457 2238; x_wconf 86' lang='lat' dir='ltr'>quum</span> <span class='ocrx_word' id='word_1_156' title='bbox 508 2164 689 2219; x_wconf 84' lang='lat' dir='ltr'>scirent</span> <span class='ocrx_word' id='word_1_157' title='bbox 723 2165 819 2238; x_wconf 84' lang='lat' dir='ltr'>ipfi</span> <span class='ocrx_word' id='word_1_158' title='bbox 880 2164 1181 2236; x_wconf 88' lang='lat' dir='ltr'>opinionem</span> <span class='ocrx_word' id='word_1_159' title='bbox 1224 2164 1503 2225; x_wconf 88' lang='lat' dir='ltr'>omnium,</span> <span class='ocrx_word' id='word_1_160' title='bbox 1556 2184 1612 2218; x_wconf 90' lang='lat' dir='ltr'>ea</span> <span class='ocrx_word' id='word_1_161' title='bbox 1651 2181 1762 2237; x_wconf 84' lang='lat' dir='ltr'>pro·</span> 
     </span>
     <span class='ocr_line' id='line_1_25' title="bbox 288 2244 1748 2318; baseline -0.001 -18"><span class='ocrx_word' id='word_1_162' title='bbox 288 2245 479 2300; x_wconf 87' lang='lat' dir='ltr'>indicio</span> <span class='ocrx_word' id='word_1_163' title='bbox 516 2245 604 2305; x_wconf 85' lang='lat' dir='ltr'>ufi,</span> <span class='ocrx_word' id='word_1_164' title='bbox 650 2245 979 2318; x_wconf 78' lang='lat' dir='ltr'>Zeuxippum</span> <span class='ocrx_word' id='word_1_165' title='bbox 1011 2247 1064 2298; x_wconf 65' lang='grc' dir='ltr'>ὃς</span> <span class='ocrx_word' id='word_1_166' title='bbox 1093 2244 1403 2297; x_wconf 80' lang='lat' dir='ltr'>Pisistratum</span> <span class='ocrx_word' id='word_1_167' title='bbox 1447 2246 1748 2301; x_wconf 83' lang='lat' dir='ltr'>nominave-</span> 
     </span>
     <span class='ocr_line' id='line_1_26' title="bbox 288 2322 1750 2397; baseline -0.001 -17"><span class='ocrx_word' id='word_1_168' title='bbox 288 2338 437 2381; x_wconf 84' lang='lat' dir='ltr'>runt.-</span> <span class='ocrx_word' id='word_1_169' title='bbox 469 2323 605 2379; x_wconf 85' lang='lat' dir='ltr'>nullo</span> <span class='ocrx_word' id='word_1_170' title='bbox 635 2325 853 2397; x_wconf 56' lang='lat' dir='ltr'>adjecto,</span> <span class='ocrx_word' id='word_1_171' title='bbox 881 2342 971 2379; x_wconf 88' lang='lat' dir='ltr'>cur</span> <span class='ocrx_word' id='word_1_172' title='bbox 991 2322 1113 2378; x_wconf 89' lang='lat' dir='ltr'>scire</span> <span class='ocrx_word' id='word_1_173' title='bbox 1138 2324 1416 2397; x_wconf 84' lang='lat' dir='ltr'>quicquam</span> <span class='ocrx_word' id='word_1_174' title='bbox 1446 2327 1750 2387; x_wconf 62' lang='lat' dir='ltr'>viderentur,</span> 
     </span>
     <span class='ocr_line' id='line_1_27' title="bbox 290 2406 1749 2482; baseline -0.001 -19"><span class='ocrx_word' id='word_1_175' title='bbox 290 2420 608 2482; x_wconf 73' lang='lat' dir='ltr'>argumento</span> <span class='ocrx_word' id='word_1_176' title='bbox 711 2406 1007 2479; x_wconf 79' lang='lat' dir='ltr'>Zeuxippus</span> <span class='ocrx_word' id='word_1_177' title='bbox 1057 2418 1230 2459; x_wconf 87' lang='lat' dir='ltr'>tamen</span> <span class='ocrx_word' id='word_1_178' title='bbox 1280 2424 1402 2461; x_wconf 88' lang='lat' dir='ltr'>cum</span> <span class='ocrx_word' id='word_1_179' title='bbox 1465 2409 1749 2464; x_wconf 81' lang='lat' dir='ltr'>Stratonida</span> 
     </span>
     <span class='ocr_line' id='line_1_28' title="bbox 288 2486 1752 2563; baseline -0.001 -20"><span class='ocrx_word' id='word_1_180' title='bbox 288 2488 515 2563; x_wconf 84' lang='lat' dir='ltr'>quodam</span> <span class='ocrx_word' id='word_1_181' title='bbox 553 2488 708 2542; x_wconf 51' lang='lat' dir='ltr'>noete</span> <span class='ocrx_word' id='word_1_182' title='bbox 748 2489 974 2562; x_wconf 83' lang='lat' dir='ltr'>perfugit</span> <span class='ocrx_word' id='word_1_183' title='bbox 1015 2489 1327 2560; x_wconf 82' lang='lat' dir='ltr'>Tanagram,</span> <span class='ocrx_word' id='word_1_184' title='bbox 1384 2486 1526 2543; x_wconf 87' lang='lat' dir='ltr'>suam</span> <span class='ocrx_word' id='word_1_185' title='bbox 1576 2486 1752 2563; x_wconf 63' lang='lat' dir='ltr'>magis</span> 
     </span>
     <span class='ocr_line' id='line_1_29' title="bbox 286 2566 1750 2643; baseline -0.002 -18"><span class='ocrx_word' id='word_1_186' title='bbox 286 2568 673 2632; x_wconf 84' lang='lat' dir='ltr'>conscientiam,</span> <span class='ocrx_word' id='word_1_187' title='bbox 707 2566 865 2643; x_wconf 67' lang='lat' dir='ltr'>quam</span> <span class='ocrx_word' id='word_1_188' title='bbox 891 2568 1137 2623; x_wconf 84' lang='lat' dir='ltr'>indicium</span> <span class='ocrx_word' id='word_1_189' title='bbox 1164 2567 1438 2622; x_wconf 85' lang='lat' dir='ltr'>hominurn</span> <span class='ocrx_word' id='word_1_190' title='bbox 1468 2569 1649 2625; x_wconf 86' lang='lat' dir='ltr'>nullius</span> <span class='ocrx_word' id='word_1_191' title='bbox 1677 2569 1750 2625; x_wconf 89' lang='lat' dir='ltr'>rei</span> 
     </span>
     <span class='ocr_line' id='line_1_30' title="bbox 289 2649 1751 2721; baseline 0.001 -16"><span class='ocrx_word' id='word_1_192' title='bbox 289 2650 633 2712; x_wconf 85' lang='lat' dir='ltr'>consciorum,</span> <span class='ocrx_word' id='word_1_193' title='bbox 663 2665 917 2706; x_wconf 86' lang='lat' dir='ltr'>metuens:</span> <span class='ocrx_word' id='word_1_194' title='bbox 966 2650 1255 2709; x_wconf 64' lang='lat' dir='ltr'>Fuisti-atus,</span> <span class='ocrx_word' id='word_1_195' title='bbox 1285 2649 1456 2721; x_wconf 87' lang='lat' dir='ltr'>spretis</span> <span class='ocrx_word' id='word_1_196' title='bbox 1483 2650 1751 2711; x_wconf 78' lang='lat' dir='ltr'>indicibus,</span> 
     </span>
     <span class='ocr_line' id='line_1_31' title="bbox 287 2731 1746 2805; baseline 0.001 -19"><span class='ocrx_word' id='word_1_197' title='bbox 287 2731 479 2786; x_wconf 66' lang='lat' dir='ltr'>Thebis</span> <span class='ocrx_word' id='word_1_198' title='bbox 507 2733 706 2787; x_wconf 82' lang='lat' dir='ltr'>manfit.</span> <span class='ocrx_word' id='word_1_199' title='bbox 787 2733 966 2786; x_wconf 85' lang='lat' dir='ltr'>Servus</span> <span class='ocrx_word' id='word_1_200' title='bbox 1007 2745 1114 2785; x_wconf 88' lang='lat' dir='ltr'>erat</span> <span class='ocrx_word' id='word_1_201' title='bbox 1146 2732 1437 2805; x_wconf 79' lang='lat' dir='ltr'>Zeuxippo,</span> <span class='ocrx_word' id='word_1_202' title='bbox 1478 2733 1635 2788; x_wconf 85' lang='lat' dir='ltr'>totius</span> <span class='ocrx_word' id='word_1_203' title='bbox 1663 2735 1746 2787; x_wconf 78' lang='lat' dir='ltr'>in·-</span> 
     </span>
     <span class='ocr_line' id='line_1_32' title="bbox 286 2812 1745 2885; baseline 0.001 -19"><span class='ocrx_word' id='word_1_204' title='bbox 286 2815 579 2868; x_wconf 83' lang='lat' dir='ltr'>ternuncius</span> <span class='ocrx_word' id='word_1_205' title='bbox 595 2817 647 2870; x_wconf 67' lang='lat' dir='ltr'>&amp;t</span> <span class='ocrx_word' id='word_1_206' title='bbox 664 2812 892 2868; x_wconf 87' lang='lat' dir='ltr'>minister</span> <span class='ocrx_word' id='word_1_207' title='bbox 917 2813 1006 2868; x_wconf 85' lang='lat' dir='ltr'>rei.</span> <span class='ocrx_word' id='word_1_208' title='bbox 1043 2830 1199 2885; x_wconf 88' lang='lat' dir='ltr'>quem</span> <span class='ocrx_word' id='word_1_209' title='bbox 1227 2812 1449 2878; x_wconf 79' lang='lat' dir='ltr'>indicem</span> <span class='ocrx_word' id='word_1_210' title='bbox 1470 2814 1745 2869; x_wconf 81' lang='lat' dir='ltr'>Pisistratus</span> 
     </span>
     <span class='ocr_line' id='line_1_33' title="bbox 288 2888 1749 2969; baseline 0 -20"><span class='ocrx_word' id='word_1_211' title='bbox 288 2892 496 2955; x_wconf 82' lang='lat' dir='ltr'>timens,</span> <span class='ocrx_word' id='word_1_212' title='bbox 541 2912 603 2948; x_wconf 92' lang='lat' dir='ltr'>eo</span> <span class='ocrx_word' id='word_1_213' title='bbox 645 2893 754 2966; x_wconf 84' lang='lat' dir='ltr'>ipso</span> <span class='ocrx_word' id='word_1_214' title='bbox 791 2894 977 2950; x_wconf 86' lang='lat' dir='ltr'>timore</span> <span class='ocrx_word' id='word_1_215' title='bbox 1011 2894 1072 2948; x_wconf 88' lang='lat' dir='ltr'>ad</span> <span class='ocrx_word' id='word_1_216' title='bbox 1102 2888 1349 2948; x_wconf 88' lang='lat' dir='ltr'>indicium</span> <span class='ocrx_word' id='word_1_217' title='bbox 1382 2896 1647 2969; x_wconf 78' lang='lat' dir='ltr'>protraxit.</span> <span class='ocrx_word' id='word_1_218' title='bbox 1688 2894 1749 2949; x_wconf 81' lang='lat' dir='ltr'>li-</span> 
     </span>
     <span class='ocr_line' id='line_1_34' title="bbox 279 2974 1755 3054; baseline 0.001 -24"><span class='ocrx_word' id='word_1_219' title='bbox 279 2987 421 3054; x_wconf 61' lang='lat' dir='ltr'>&#39;peras</span> <span class='ocrx_word' id='word_1_220' title='bbox 449 2974 506 3032; x_wconf 89' lang='lat' dir='ltr'>ad</span> <span class='ocrx_word' id='word_1_221' title='bbox 541 2974 871 3051; x_wconf 76' lang='lat' dir='ltr'>Zeuxippum</span> <span class='ocrx_word' id='word_1_222' title='bbox 901 2976 1081 3038; x_wconf 79' lang='lat' dir='ltr'>mittit,</span> <span class='ocrx_word' id='word_1_223' title='bbox 1125 2974 1327 3034; x_wconf 74' lang='lat' dir='ltr'>servum</span> <span class='ocrx_word' id='word_1_224' title='bbox 1355 2975 1616 3034; x_wconf 86' lang='lat' dir='ltr'>conscium</span> <span class='ocrx_word' id='word_1_225' title='bbox 1650 2977 1755 3032; x_wconf 79' lang='lat' dir='ltr'>tol·</span> 
     </span>
    </p>

    <p class='ocr_par' dir='ltr' id='par_1_3' title="bbox 916 3056 1756 3132">
     <span class='ocr_line' id='line_1_35' title="bbox 916 3056 1756 3132; baseline 0.01 -20"><span class='ocrx_word' id='word_1_226' title='bbox 916 3059 955 3112; x_wconf 82' lang='lat' dir='ltr'>P</span> <span class='ocrx_word' id='word_1_227' title='bbox 985 3076 1029 3132; x_wconf 62' lang='lat'>3„</span> <span class='ocrx_word' id='word_1_228' title='bbox 1605 3056 1756 3120; x_wconf 47' lang='lat' dir='ltr'>leret,-</span> 
     </span>
    </p>
   </div>
  </div>
 </body>
</html>
