2063 3607
677 300 1096 366 LIBER
1161 303 1418 375 XXIX.
1680 313 1764 393 ὃς

322 425 389 463 na
423 406 667 480 equitatu,
718 405 965 481 proelium
1007 410 1231 482 equestre
1284 410 1418 475 fuit,
1473 411 1606 470 haud
1651 415 1768 474 fitne

321 488 663 542 memorando
699 488 753 542 in
797 505 991 562 partem
1039 487 1188 545 ullam
1236 505 1437 549 eventu.
1517 495 1630 552 Sole
1667 500 1769 553 ori-

316 582 433 624 ente
473 569 675 642 postero
709 568 790 623 die
827 570 1009 626 armati
1042 571 1375 646 instrustique
1416 593 1600 632 omnes
1634 579 1771 636 mille

318 648 481 704 ferme
520 648 684 722 paffus
725 649 903 723 procul
938 648 964 706 ὲ
1007 652 1175 706 castris
1215 656 1468 710 Romanis
1506 660 1671 714 aciem
1706 681 1766 716 o·

314 731 555 786 stendere.
637 731 791 785 Medii
821 730 1239 789 Ausetanierant.
1283 753 1490 799 cornua,
1526 739 1766 799 dextrum

313 809 579 886 Illergetes,
636 808 823 865 laevum
869 811 1115 888 ignobiles
1151 814 1388 872 tenebant
1420 819 1630 893 Hispani
1670 842 1768 898 po-

312 890 436 965 puli.
529 894 665 946 Inter
711 909 897 946 cornua
942 897 994 948 &
1037 894 1260 950 mediam
1302 898 1466 954 aciem
1511 903 1769 961 intervalla

218 1031 225 1034 ,
310 970 535 1044 patentia
567 970 679 1026 {atis
718 968 816 1027 late
852 971 1117 1037 fecerant;
1168 994 1266 1051 qua
1314 981 1618 1053 equitatum,
1677 984 1767 1041 ubi

311 1068 518 1125 tempus
546 1053 685 1112 eflet,
721 1055 1028 1111 emitterent.
1110 1059 1177 1112 Et
1210 1060 1456 1124 Romani,
1499 1082 1649 1122 more
1670 1066 1764 1122 suo

312 1132 590 1188 exercitum
636 1151 800 1206 quum
840 1134 1195 1213 instruxissent,
1249 1138 1311 1201 id
1332 1141 1495 1199 modo
1532 1144 1759 1204 hostium

311 1212 499 1269 imitati
554 1211 685 1275 sunt,
742 1227 800 1269 ut
840 1214 968 1270 inter
1020 1216 1244 1292 iegiones
1293 1224 1347 1276 &
1392 1222 1483 1296 ipfi
1531 1240 1762 1299 patentes

308 1294 465 1368 equiti
519 1291 855 1368 relinquerent
903 1297 1021 1352 vias.
1118 1297 1359 1356 Ceterum
1413 1306 1657 1363 Lentulus
1712 1310 1758 1365 ei

307 1376 438 1447 parti
481 1373 628 1428 usum
674 1375 854 1448 equitis
891 1375 1000 1432 fore
1046 1392 1198 1441 ratus,
1247 1399 1361 1455 quae
1392 1386 1530 1457 prior
1575 1388 1627 1443 in
1670 1390 1759 1445 de·

307 1452 584 1508 hiscentem
629 1455 891 1510 intervallis
929 1455 1154 1514 hostium
1194 1462 1355 1516 aciem
1391 1463 1584 1538 equites
1609 1473 1757 1541 ‘emi-

305 1534 461 1597 siffet5
502 1540 604 1592 Ser.
628 1534 886 1597 CorneliO,
925 1537 1132 1593 tribuno
1160 1540 1406 1606 rnilitum,
1443 1545 1678 1622 imperat,
1693 1570 1758 1613 ,e-

302 1617 465 1688 quites
492 1634 579 1689 per
602 1629 829 1688 patentes
856 1618 909 1670 in
934 1616 1159 1674 hostium
1195 1623 1302 1677 acie
1330 1626 1433 1679 vias
1463 1632 1755 1704 permittere

304 1714 462 1769 equos
497 1696 686 1767 jubeat.
728 1696 847 1771 ipse,
893 1714 1068 1772 coepta
1106 1719 1288 1775 parum
1330 1705 1565 1779 prospere
1605 1714 1754 1786 pede-j

301 1776 387 1831 stri
422 1795 611 1853 pugna,
648 1791 850 1833 tantum
889 1795 1130 1845 moratus,
1171 1783 1300 1840 dum
1330 1787 1525 1860 cedenti
1559 1792 1753 1866 duodef

301 1857 456 1914 cimae
480 1857 681 1934 legioni,
723 1879 837 1933 quae
859 1860 911 1914 in
941 1860 1069 1916 laevo
1096 1883 1259 1922 cornu
1286 1869 1516 1927 adversus
1547 1873 1750 1953 lilerge-

299 1949 376 1992 tes
404 1937 562 1994 locata
587 1954 707 2002 erat,
740 1942 938 1996 tertiam
968 1943 1225 2000 decimam
1254 1945 1512 2025 legionem
1542 1974 1601 2011 ex
1632 1956 1752 2013 sub„

301 2018 431 2073 fidiis
457 2020 509 2074 in
533 2021 756 2094 primam
787 2022 949 2077 aciem
978 2025 1371 2085 firmamentum
1398 2033 1557 2092 ducit.
1577 2062 1581 2068 ·
1602 2040 1752 2096 Post--

295 2117 506 2175 eaquam
530 2117 721 2176 aequata
760 2100 826 2163 ilbi
855 2121 1028 2179 pugna
1067 2109 1155 2170 est,
1193 2109 1253 2164 ad
1285 2115 1348 2169 L.
1380 2114 1634 2173 Manlium
1667 2121 1756 2178 in-·

292 2192 369 2235 ter
396 2181 562 2253 prima
591 2183 730 2258 signa
762 2182 1075 2248 hortantem,
1121 2208 1180 2243 ac
1218 2189 1422 2248 subsidia
1460 2197 1644 2269 quibus
1666 2219 1762 2265 res·

211 2320 226 2330 N
291 2254 569 2333 postulabat
607 2262 729 2318 locis
771 2264 1115 2329 inducentem,
1172 2272 1326 2329 venit.
1380 2274 1587 2342 indicat,
1634 2295 1746 2341 tuta

290 2340 352 2396 ab
378 2340 508 2397 laevo
539 2360 699 2399 cornu
728 2343 849 2399 effe:
889 2345 1001 2417 jam
1035 2349 1243 2405 miffum
1274 2353 1338 2407 ab
1364 2352 1414 2409 se
1440 2358 1742 2422 Cornelium

288 2423 522 2479 Servium
577 2423 790 2497 procella
830 2429 1043 2500 equestri
1082 2430 1247 2487 hostes
1292 2437 1743 2505 circumfusarum.

288 2506 388 2559 Vix
418 2503 528 2573 Iiaec
566 2505 703 2561 dieta
729 2506 943 2569 dederat,
979 2527 1144 2583 quum
1180 2517 1409 2573 Romani
1435 2525 1649 2597 equites,
1685 2528 1757 2585 in„

288 2586 485 2641 medios
510 2586 699 2642 invecti
725 2585 908 2651 hostes,
949 2590 1100 2646 fimul
1130 2594 1373 2668 pedestres
1409 2605 1538 2658 acies
1568 2606 1738 2664 turba-

282 2656 437 2729 runt,
463 2666 612 2723 fimul
636 2667 884 2742 equitibus
904 2669 1253 2743 Hispanorum
1279 2681 1416 2749 viam
1446 2685 1739 2746 immitten-

282 2746 335 2800 di
365 2765 522 2821 equos
561 2739 855 2806 clauserunt.
936 2753 1125 2827 Itaque,
1170 2759 1351 2817 omissa
1380 2782 1551 2842 pugna
1582 2787 1738 2845 eque..

281 2827 384 2890 stri,
423 2830 482 2883 ad
512 2830 791 2902 pedestrem
831 2832 1036 2908 Hispani
1076 2837 1451 2903 descenderunt.
1529 2851 1736 2911 Roma-

281 2909 335 2986 ni
375 2909 720 2984 imperatores,
777 2924 837 2970 ut
872 2915 1102 2974 turbatos
1141 2920 1366 2980 hostium
1406 2928 1620 2995 ordines,
1672 2939 1730 2992 ὃς

276 2990 664 3068 trepidationem
689 3012 1054 3078 pavoremque,
1091 3005 1146 3073 ὃς
1169 3003 1471 3093 flqstuantia
1497 3011 1732 3152 vidfrunt

491 3108 501 3112 “
1588 3112 1728 3174 Ἰὲῃθε
