2063 3607
563 281 623 345 L
668 279 694 341 1
744 277 791 340 Β
832 276 885 341 Ε
928 275 986 339 R
1068 273 1392 341 XXXIV.
1584 298 1707 359 421

258 394 266 414 '
350 393 465 450 LII.
519 394 597 449 Ita
646 407 813 465 quum
853 388 1204 465 percensuisset
1247 388 1572 457 Thessaliam,
1626 410 1720 468 per

263 477 479 547 Epirum
519 475 573 528 in
614 474 847 534 Oricum,
891 472 1026 525 unde
1062 487 1164 528 erat
1203 474 1521 545 trajeeturus,
1558 477 1719 531 venir.

255 555 347 610 ·Ab
384 556 542 611 Orico
582 554 741 629 copiae
770 570 952 606 omnes
980 553 1318 608 Brundusium
1351 555 1718 629 transportatae.

265 637 381 690 inde
430 655 518 709 per
564 650 725 691 totam
770 633 970 689 Italiam
1014 633 1074 688 ad
1114 634 1294 689 urbem
1333 655 1492 710 prope
1531 642 1714 692 trium-

256 716 496 791 'phanteffi
550 735 656 773 non
700 716 904 770 minore
949 716 1156 789 agmine
1210 735 1381 771 rerum
1436 732 1720 792 captarum,

265 797 424 872 quam
458 797 547 852 suo
570 817 673 871 prae
699 797 745 851 se
770 797 885 851 asto
918 810 1181 853 venerunt.
1233 799 1569 872 Posteaquam
1605 803 1715 854 Ro-

265 898 415 935 mam
455 891 669 934 ventum
713 880 800 938 est,
852 875 1049 931 senatus
1093 885 1230 935 extra
1269 879 1450 935 urbem
1497 880 1717 956 Quintio

267 961 329 1016 ad
359 979 435 1014 res
462 963 624 1036 gestas
661 958 981 1014 edisserendas
1016 959 1160 1014 datus
1187 960 1282 1015 est:
1326 961 1716 1036 triumphusque

265 1042 480 1097 meritus
520 1042 582 1096 ab
612 1039 894 1095 lubentibus
922 1039 1166 1097 decretus,
1241 1042 1496 1098 Triduum
1528 1044 1714 1098 trium·

264 1123 460 1196 phavit.
537 1122 636 1178 Die
664 1122 835 1195 primo
863 1139 1020 1180 arma,
1058 1120 1169 1185 tela,
1212 1122 1451 1197 fignaque
1475 1144 1617 1184 aerea,
1657 1129 1714 1182 δε
1798 1152 1809 1161 1

266 1223 557 1259 marmorea
613 1200 901 1264 transtulit3
972 1200 1111 1276 plura
1161 1202 1396 1280 Philippo
1450 1207 1719 1280 adempta',

266 1284 424 1358 quam
465 1304 580 1359 quae
615 1303 678 1338 ex
720 1282 1004 1339 civitatibus
1046 1299 1259 1357 ceperat.
1356 1289 1590 1343 Secundo
1633 1289 1714 1343 die

267 1384 448 1422 aurum
490 1381 878 1442 argentumque,
917 1363 1115 1418 fastum
1144 1366 1501 1442 infeOEtumque
1549 1375 1602 1427 &
1651 1370 1717 1425 fi·

269 1462 506 1522 gnatum.
545 1444 720 1501 infesti
751 1445 948 1522 argenti
973 1446 1069 1501 fuit
1095 1446 1274 1502 decem
1316 1453 1369 1504 &
1412 1452 1537 1506 osto
1564 1450 1719 1505 millia

265 1530 461 1602 pondo,
521 1532 572 1585 &
613 1529 829 1584 ducenta
865 1525 1174 1603 septuaginta
1221 1527 1364 1588 faeti.
1398 1529 1506 1587 vasa
1554 1531 1718 1588 multa

265 1611 440 1664 omnis
482 1611 693 1686 generis,
735 1607 900 1665 caelata
936 1608 1186 1684 pleraque,
1231 1612 1466 1686 quaedam
1511 1614 1716 1670 eximiae

268 1694 417 1746 artis:
461 1695 514 1746 ὃς
555 1709 616 1745 ex
663 1709 757 1745 aere
797 1688 958 1745 multa
986 1689 1271 1747 fabrefacta.
1316 1694 1374 1748 ad
1412 1692 1516 1749 hoc
1544 1693 1715 1769 clypea

269 1790 498 1848 argentea
539 1774 734 1829 decem.
771 1770 949 1848 signati
987 1774 1181 1848 argenti
1209 1774 1473 1851 octoginta
1500 1793 1716 1851 quatuor

265 1856 421 1910 millia
440 1854 575 1910 fuere
593 1855 899 1909 Atticorum.
926 1853 1363 1911 tetradrachmum
1389 1874 1594 1915 vocant:
1631 1859 1720 1915 tri-

266 1953 360 1990 um
406 1936 506 1991 fere
537 1936 859 1992 denariorum
886 1936 936 1987 in
959 1934 1166 2010 singulis
1186 1938 1378 2013 argenti
1405 1941 1477 1995 est
1502 1942 1721 2013 pondus,

260 2019 367 2072 auri
396 2018 570 2092 pondo
588 2016 684 2075 fuit
700 2019 790 2073 tria
807 2014 965 2070 millia
983 2015 1295 2095 septingenta
1309 2022 1718 2094 quatuordecim,

266 2102 321 2156 ὃς
339 2099 576 2173 clypeum
595 2119 759 2155 unum
773 2116 835 2152 ex
858 2115 982 2153 auro
996 2113 1195 2155 totum:
1222 2101 1531 2177 &thilippei
1560 2122 1718 2159 nunn-

263 2182 374 2236 mei
395 2182 526 2239 aurei
548 2179 933 2254 quatuordecim
962 2178 1133 2242 millia,
1166 2181 1433 2259 quingenti
1475 2199 1720 2260 quatuor-

264 2261 454 2319 decim.
538 2266 714 2322 Tertio
739 2261 819 2317 die
845 2279 1048 2316 coronae
1063 2281 1237 2324 aureae,
1271 2264 1405 2320 dona
1432 2268 1720 2330 civitatum,

261 2346 512 2400 transsatae
537 2359 749 2401 centum
780 2343 1184 2417 quatuordecim.
1231 2348 1283 2401 &
1310 2345 1485 2402 hostiae
1520 2349 1716 2403 dunstae:

257 2429 319 2481 ἕτ-
361 2442 475 2481 ante
512 2444 717 2481 currum
760 2424 914 2480 multi
940 2423 1130 2479 nobiles
1166 2427 1367 2498 captivi,
1411 2427 1720 2507 obsidesque,

261 2508 393 2563 inter
425 2526 554 2582 quos
581 2508 875 2564 Demetrius
917 2508 1047 2581 regis
1078 2506 1294 2582 Philippi
1330 2507 1458 2565 filius
1503 2510 1620 2574 fuit,
1660 2515 1715 2569 δε

259 2593 507 2646 Armenes
559 2589 769 2645 Nabidis
819 2588 1020 2663 tyranni
1075 2586 1221 2652 filius,
1280 2591 1722 2649 Lacedaemonium.

257 2672 370 2747 Ipse
407 2672 583 2728 deinde
620 2672 861 2745 Quintius
889 2671 942 2723 in
966 2667 1146 2726 urbem
1180 2672 1252 2727 est
1281 2671 1534 2732 investuS.
1583 2674 1719 2731 mili·

235 2766 337 2811 ‘tes
377 2754 534 2811 secuti
576 2772 782 2809 currum
830 2754 1153 2826 frequentem
1216 2767 1272 2809 ut
1317 2755 1470 2811 omni
1504 2775 1564 2813 ex
1599 2775 1720 2830 pro·
1800 2812 1809 2833 x

248 2837 434 2893 'vincia
481 2836 706 2892 exercitu
767 2834 1045 2910 deportato.
1157 2836 1249 2890 His
1308 2839 1513 2893 ducenti
1563 2838 1717 2913 quin-

263 2919 483 2995 quageni
537 2917 643 2972 aeris
699 2917 749 2971 in
806 2916 996 2990 pedites
1040 2915 1180 2974 divifi
1222 2937 1234 2972 ι
1303 2916 1486 2992 duplex
1538 2934 1716 2976 centu-

261 3001 411 3066 rioni,
448 2998 623 3075 triplex
667 2999 844 3077 equiti.
922 2996 1242 3058 Praebuerunt
1278 2999 1496 3077 speciem
1534 3000 1720 3058 trium-

791 3075 800 3088 *
1607 3083 1720 3159 pho
