2063 3607
542 268 604 331 L
646 267 673 328 I
715 264 765 327 Β
798 262 871 326 E
902 261 963 324 R
1049 254 1308 321 XXXI.
1562 257 1692 332 245

219 368 375 432 secuti
399 369 649 448 perculsos
671 368 863 442 equites
899 363 1203 420 imitaretur,
1231 353 1555 433 profeciflet?
1594 370 1694 425 neq

225 447 325 531 que
378 455 521 512 enim
568 470 632 506 ne
675 449 808 524 regis
852 443 1063 521 quidem
1113 440 1344 516 primum
1397 433 1692 495 confilium,¹

225 553 332 609 quo
371 536 629 607 impetum
644 531 720 605 jn
761 527 1152 583 frumentatores
1189 517 1378 595 palatos
1416 535 1504 591 per
1536 533 1688 590 agros

225 617 366 686 fecit,
401 610 868 688 reprehendendum
910 605 1059 667 foret,
1099 603 1142 658 fi
1179 599 1401 655 modum
1439 596 1689 673 prosperae

225 687 416 772 pugnae
439 691 767 767 imposuisset.
847 684 925 746 Εὸ
945 701 1154 761 quoque
1179 682 1355 736 minus
1374 680 1446 736 est
1468 679 1663 733 mirum
1679 716 1694 738 ,

228 774 435 847 tentaffe
467 792 589 830 eum
635 773 916 830 fortunam,
959 765 1097 842 quod
1142 763 1282 820 fama
1316 775 1435 822 erat,
1489 757 1689 815 Pleura—

227 871 363 919 tum,
408 849 768 927 Dardanosque
790 849 1077 925 ingentibus
1107 845 1265 917 copiis
1297 841 1562 917 profestos
1584 839 1685 894 do—

228 956 342 998 mo,
399 936 509 1007 jam
546 937 601 991 in
639 931 1002 990 ¹Macedoniam
1044 923 1409 982 transcendisse.
1485 919 1689 997 Qibus

229 1018 268 1074 fi
312 1017 537 1091 undique
576 1017 956 1071 circumventus
1004 1007 1164 1080 copiis
1216 1004 1365 1064 foret,
1427 999 1689 1082 sedentem

230 1102 535 1168 Romanum
582 1093 958 1151 debellaturum,
1018 1088 1151 1144 credi
1175 1091 1410 1164 poterat.
1505 1085 1688 1156 ltaque

229 1173 508 1234 secundnm
553 1177 675 1232 duas
716 1170 936 1230 adversas
982 1169 1231 1243 equestres
1274 1182 1471 1242 pugnas
1516 1162 1688 1219 multo

232 1256 404 1330 minus
442 1271 608 1314 tutam
650 1273 856 1312 moram
896 1254 949 1307 in
983 1250 1159 1306 iisdem
1191 1247 1380 1302 stativis
1414 1242 1524 1299 fore
1566 1244 1687 1300 Phi-

225 1338 393 1414 lippus
417 1352 571 1399 ratu5‚
609 1354 776 1410 quum
806 1334 938 1389 abire
969 1332 1086 1386 inde
1117 1334 1172 1386 &
1202 1326 1364 1382 fallere
1392 1326 1560 1381 abiens
1590 1316 1688 1380 ho-

227 1413 358 1476 stem
388 1417 550 1478 vellet,
584 1418 910 1472 caduceatore
939 1407 1297 1482 sub-‚occasum
1328 1406 1444 1461 solis
1475 1408 1535 1461 ad
1560 1425 1688 1462 con·

226 1496 388 1567 sulem
430 1500 595 1557 misso,
640 1498 729 1570 qui
773 1496 995 1549 inducias
1040 1492 1099 1546 ad
1144 1488 1449 1561 sepeliendos
1491 1488 1686 1561 equites

226 1593 453 1651 peteretj
518 1576 775 1632 frustratus
814 1575 1030 1634 hostem,
1076 1570 1288 1627 secunda
1326 1566 1512 1644 vigilia,
1549 1567 1686 1624 mul·

228 1661 294 1715 tis
337 1657 538 1735 ignibus
576 1676 663 1733 per
697 1669 808 1712 tota
847 1655 1001 1711 castra
1038 1652 1237 1713 reliffis,
1282 1648 1440 1706 silenti
1475 1649 1686 1726 agmine

228 1738 367 1796 abiit.
578 1755 581 1759 ·
1381 1765 1392 1774 κ

236 1873 240 1877 .
312 1824 571 1877 XXXIX.
623 1822 827 1893 Corpus
869 1819 977 1892 jam
1024 1812 1224 1871 curabat
1278 1800 1470 1875 consul,
1517 1829 1683 1886 quum

230 1903 415 1961 veniffe
440 1903 840 1964 caduceatorem,
886 1904 940 1957 ὃς
968 1897 1089 1973 quid
1115 1895 1336 1957 venisset,
1382 1894 1685 1948 nunciatum

227 1985 316 2039 est.
359 1982 595 2056 responso
630 1979 829 2038 tantum
855 1982 989 2040 dato,
1036 1974 1190 2032 mane
1226 1976 1428 2049 postero
1456 1975 1536 2030 die
1573 1972 1686 2029 fore

228 2065 432 2138 copiam
465 2063 814 2123 conveniendi,
860 2062 909 2116 id
940 2059 1075 2134 quod
1107 2059 1377 2132 quaefitum
1412 2069 1530 2118 erat,
1560 2073 1685 2127 nox,

228 2145 427 2219 dieique
458 2144 758 2216 insequentis
782 2161 895 2216 pars
922 2142 982 2195 ad
1008 2137 1407 2213 praecipiendum
1436 2137 1529 2191 iter
1549 2134 1682 2192 'Phi-

227 2224 370 2298 lippo
397 2225 509 2280 data
542 2226 630 2279 est.
674 2239 896 2283 montes,
932 2238 1090 2294 quam
1123 2220 1259 2272 viam
1292 2235 1401 2271 non
1436 2214 1686 2292 ingreffu-

228 2323 348 2360 rum
375 2305 518 2382 gravi
546 2305 754 2380 agmine
783 2308 1086 2362 Romanum
1115 2298 1312 2360 sciebat,
1340 2298 1495 2372 petit„
1536 2296 1686 2351 Con-

226 2383 315 2448 sul,
361 2386 528 2462 prima
555 2385 669 2441 luce
692 2383 1015 2445 caduceatore
1056 2379 1181 2434 dat'is
1220 2377 1433 2435 induciis
1460 2375 1688 2442 dimisso,

230 2462 362 2538 haud
392 2465 461 2521 ita
487 2463 666 2530 multo·
684 2465 798 2538 post
827 2462 974 2519 ab'ifle
1003 2459 1205 2516 hostem
1242 2476 1409 2533 quum
1444 2456 1681 2532 stnfiflet,

228 2539 431 2621 ignarus
453 2541 569 2621 ‘qua
608 2543 908 2620 sequeretur,
946 2540 1123 2597 iisdem
1150 2538 1336 2596 stativis
1363 2538 1686 2595 frumentan-

227 2626 298 2700 do
326 2629 428 2683 dios
463 2625 652 2700 aliquot
675 2623 1009 2697 consumpsit.
1092 2619 1356 2677 Stuberam
1384 2619 1564 2690 deinde
1589 2640 1685 2696 pe·

224 2708 305 2778 tit,
349 2722 498 2782 atque
527 2725 588 2762 ex
630 2706 891 2783 Pelagonia
915 2703 1259 2764 frumentum,
1300 2702 1439 2777 quod
1467 2700 1520 2757 in
1552 2703 1689 2779 agris

229 2802 350 2848 erat,
373 2786 379 2794 ’
402 2788 656 2843 convexit.
706 2788 823 2844 inde
854 2789 915 2845 ad
941 2784 1199 2854 'Pellinam
1241 2784 1314 2840 est
1356 2783 1683 2859 progreffu55

226 2867 461 2924 nondum
503 2883 794 2943 comperto,
831 2885 989 2944 quam
1033 2866 1298 2942 regionem
1333 2862 1499 2921 hostes
1535 2861 1686 2939 petis·

229 2947 354 3008 sent.
431 2945 707 3026 Philippus,
748 2969 914 3028 quum
954 2946 1127 3022 primo
1163 2946 1222 3005 ad
1264 2947 1539 3023 Bryanium
1586 2947 1682 3001 sta·

406 3067 410 3073 ·
981 3034 1025 3086 L
1071 3049 1096 3104 3
1577 3027 1687 3084 tiva
