2063 3607
1133 118 1167 133 f

416 241 541 318 396
779 247 1404 328 „T.L1V11

410 383 472 422 ac
500 362 649 421 veluti
679 379 857 440 pacato
888 387 1011 446 agro
1034 371 1340 429 transierant.
1423 370 1742 449 Aliquamdiu
1771 377 1859 455 pess

409 446 595 504 ditibus
618 452 826 524 equites,
860 452 1109 526 equitibus
1135 455 1324 527 pedites
1346 457 1661 521 vocantibus,
1688 479 1854 534 quum

414 526 469 582 in
510 528 558 583 se
596 534 778 606 cuique
819 533 1101 589 minimum
1148 535 1345 590 fiduciae
1380 537 1524 599 esset.
1544 542 1853 611 trepidatum

410 610 501 664 est.
549 613 759 668 tandem
812 614 952 690 signa
1001 615 1264 691 legionum
1314 615 1735 690 supervenerunt:
1797 627 1852 679 ὃς

408 707 571 765 quum
617 694 772 765 primi
814 696 1037 772 agminis
1079 693 1313 753 cohortes
1341 698 1564 754 inductae
1590 701 1643 754 in
1675 702 1850 774 proeli-

409 784 504 824 um
536 772 709 835 efflent,
760 776 849 849 qui
884 772 1045 830 modo
1080 780 1257 832 terrori
1299 777 1512 839 fuerant,
1548 783 1850 854 trepidantes

402 847 459 904 in
491 850 667 908 urbem
693 856 940 929 compulsi
976 857 1108 913 sunt.
1184 859 1411 915 Romani
1448 878 1612 932 quum
1643 879 1845 920 tantum

401 925 430 983 a
458 951 611 987 muro
634 937 949 1000 recesfissent,
991 953 1049 993 ut
1080 953 1215 993 extra
1247 941 1414 994 istum
1450 941 1532 994 teli
1569 942 1739 1006 effent,
1791 964 1846 1000 a·

400 1012 479 1065 cie
507 1013 697 1070 direeta
717 1017 973 1092 paullisper
998 1021 1255 1077 steterunt.
1325 1023 1651 1096 Posteaquam
1683 1043 1844 1080 nemo

398 1089 626 1150 hostium
655 1112 831 1153 contra
854 1100 1031 1160 exibat,
1068 1101 1319 1156 redierunt
1345 1101 1397 1157 in
1426 1105 1594 1158 castra.
1670 1106 1843 1161 Poste·

399 1191 462 1225 ro
490 1175 569 1229 die
598 1178 842 1251 Qintius
888 1200 1046 1255 prope
1086 1182 1286 1236 flumen
1324 1199 1502 1255 praeter
1526 1183 1704 1239 urbem
1748 1186 1839 1245 sub

396 1252 523 1325 ipsas
550 1258 782 1313 Menelaii
809 1264 1000 1316 montis
1023 1262 1208 1316 radices
1232 1264 1413 1318 ducere
1447 1264 1615 1337 copias
1649 1266 1838 1322 instru-

397 1335 504 1390 θεας
548 1339 728 1413 pergit.
772 1343 951 1414 primae
984 1342 1268 1417 legionariae
1298 1343 1529 1400 cohortes
1557 1344 1722 1402 ibant:
1764 1347 1835 1402 le-

394 1416 471 1470 vis
508 1434 758 1475 armatura
798 1426 850 1477 &
878 1424 1072 1496 equites
1106 1442 1299 1498 agmen
1328 1424 1595 1500 cogebant.
1674 1428 1834 1484 Nabis

389 1494 521 1551 intra
557 1517 771 1554 murum
812 1503 1082 1558 instructos
1119 1504 1413 1579 paratosque
1439 1504 1528 1560 sub
1554 1507 1707 1581 signis
1747 1509 1834 1568 ha·

378 1574 536 1634 ‚bebat
564 1584 901 1636 mercenarios
931 1583 1133 1646 militeS,
1197 1586 1248 1638 in
1288 1585 1468 1659 quibus
1498 1590 1670 1642 omnis
1701 1591 1830 1645 fidu·

385 1656 462 1713 cia
490 1675 611 1724 erat,
649 1677 706 1718 ut
736 1661 799 1718 ab
820 1676 967 1739 tergo
1004 1664 1205 1720 hostem
1238 1668 1600 1741 aggrederetur.
1637 1667 1831 1743 postea-

380 1755 539 1811 quam
564 1758 855 1799 extremum
882 1765 1072 1822 agmen
1098 1750 1349 1821 praeteriit,
1394 1763 1507 1802 tum
1536 1749 1597 1802 ab
1622 1752 1832 1825 oppido,

381 1825 566 1880 eodem
608 1844 715 1899 quo
752 1828 907 1902 pridie
939 1843 1200 1901 eruperant
1229 1829 1476 1890 tumultu,
1513 1830 1734 1904 pluribus
1765 1835 1827 1890 fi·

377 1903 492 1959 mul
520 1904 645 1961 locis
672 1923 968 1981 erumpunt.
1043 1912 1141 1981 Ap.
1169 1910 1405 1964 Claudius
1445 1929 1634 1986 agmen
1673 1932 1825 1989 coge-

380 1981 487 2043 bat:
529 1989 618 2063 qui
644 1987 776 2044 ad'id
807 1992 942 2064 quod
973 1991 1207 2045 futurum
1239 2006 1358 2051 erat,
1397 2010 1462 2045 ne
1498 1993 1822 2067 inopinatum

371 2072 630 2132 accideret,
675 2072 959 2144 praeparatis
982 2071 1191 2126 suorum
1221 2073 1419 2133 animiS,
1464 2073 1601 2148 figna
1627 2091 1822 2129 extem-

368 2150 457 2223 plo
484 2154 748 2214 convertit,
789 2167 1062 2227 totumque
1083 2154 1134 2206 in
1159 2152 1358 2207 hostem
1380 2172 1569 2227 agmen
1597 2158 1820 2212 circum-

369 2234 491 2306 egit.
530 2235 713 2308 itaque‚
753 2233 889 2289 velut
931 2235 1083 2288 redtae
1125 2235 1255 2288 acies
1296 2236 1684 2298 concurrissent,
1736 2236 1819 2306 ju·

368 2314 507 2368 stum
550 2314 854 2389 aliquamdiu
897 2315 1143 2388 proelium
1194 2313 1309 2369 fuit.
1363 2319 1569 2371 tandem
1608 2316 1817 2374 Nabidis

366 2394 551 2451 milites
581 2398 631 2451 in
663 2394 841 2470 fugam
867 2393 1186 2450 inclinarunt.
1223 2414 1337 2469 quae
1363 2399 1536 2451 minus
1570 2399 1719 2454 infida
1752 2418 1812 2454 ac

361 2477 554 2549 trepida
583 2475 766 2539 fuisset,
805 2476 858 2529 ni
896 2475 1072 2533 Achaei
1099 2475 1329 2532 locorum
1375 2478 1642 2550 prudentes
1674 2480 1813 2535 insti-

365 2555 549 2614 tissent.
603 2557 656 2611 hi
697 2562 749 2613 ὃς
796 2559 985 2611 caedem
1025 2558 1290 2631 ingentem
1334 2559 1609 2621 ediderunt,
1653 2566 1704 2618 ὃς
1733 2560 1817 2632 dj«

361 2633 553 2709 spersos
575 2640 752 2712 paffim
774 2636 898 2711 fuga
918 2637 1176 2712 plerosque
1196 2640 1347 2694 armis
1366 2655 1623 2696 exuerunt.
1642 2642 1815 2710 Quin-

357 2719 649 2794 tius-prope
677 2719 912 2790 Amyclas
936 2717 1101 2793 posuit
1125 2721 1296 2776 castra.
1330 2720 1463 2782 inde,
1506 2739 1670 2794 quum
1698 2740 1811 2795 pet-³

355 2801 626 2876 populatus
652 2802 828 2856 omnia
854 2800 1189 2871 drcumje&a
1215 2799 1330 2855 urbi
1355 2800 1627 2874 frequentis
1665 2806 1718 2861 ὃς
1753 2820 1805 2855 a·

358 2884 534 2941 moeni
572 2886 681 2962 agri
715 2884 828 2940 loca
863 2882 1000 2943 effer,
1056 2881 1194 2938 nullo
1237 2882 1347 2956 jam
1387 2880 1615 2941 hostiurn
1654 2900 1801 2956 porra

1649 2981 1799 3022 exce-
