2063 3607
355 285 427 332 η
806 269 1340 336 T,L1V11

342 358 497 448 yibus
519 364 774 440 expolitis.
846 372 1024 445 Qum
1041 374 1285 429 omnium
1309 375 1511 433 animos
1526 375 1800 453 oculosque

340 437 394 492 ld
425 462 679 502 certamen
705 451 969 515 avertiffet,
1001 469 1148 527 porta
1171 454 1441 511 maritimae
1468 460 1593 514 arcis
1633 460 1797 514 Plator

346 521 618 582 Romanos
641 532 851 606 accepit,
894 550 1269 608 momentoque
1296 555 1382 592 arx
1420 554 1666 612 occupata
1707 541 1801 594 est.

345 603 601 679 Oppidani
635 609 761 683 pulsi
796 614 910 667 inde
947 615 998 669 in
1031 616 1259 671 mediam
1289 618 1465 672 urbem
1498 621 1558 673 ad
1586 619 1792 675 alteram

347 688 548 743 tendere
571 709 760 748 arcem.
839 698 903 749 Et
934 694 1002 749 ibi
1025 696 1176 768 positi
1203 710 1359 760 erant,
1401 700 1488 771 qui
1511 698 1641 755 fores
1671 718 1795 773 por-

348 772 413 821 tae
438 767 733 840 objicerent.
774 773 842 827 ita
864 775 1050 830 exclusi
1073 778 1126 830 in
1160 778 1334 831 medio
1370 779 1625 835 caeduntur
1661 779 1798 853 capi-

346 861 618 923 unturque.
633 853 976 909 Macedonum
1001 857 1287 929 praefidium
1313 857 1676 933 conglobatum
1706 859 1797 914 sub

346 931 472 984 arcis
502 949 656 985 muro
687 934 840 998 stetit3
886 953 980 992 nec
999 937 1125 1011 fuga
1142 935 1299 993 effuse
1326 941 1498 1011 petita,
1523 959 1617 995 nec
1642 941 1795 1013 perti-
1835 985 1854 999 -,

349 1012 537 1065 naciter
561 1011 747 1087 proelio
773 1014 917 1071 inito.
978 1021 1101 1072 Eos
1128 1016 1309 1079 Plator,
1345 1020 1490 1074 venia
1513 1018 1540 1075 ὲ
1574 1022 1795 1095 Sulpicio

348 1090 614 1164 impetrata
632 1132 646 1155 ‚
725 1095 778 1148 in
829 1114 981 1151 naves
1028 1098 1295 1171 impositos
1352 1099 1412 1154 ad
1470 1102 1796 1156 Demetrium

348 1170 651 1228 Phthiotidis
696 1172 952 1248 exposuit5
1004 1177 1107 1250 ipse
1147 1179 1207 1232 ad
1245 1179 1471 1234 Attalum
1509 1179 1558 1234 se
1594 1182 1799 1254 recepit.

349 1251 612 1326 Sulpicius,
670 1269 780 1310 tam
817 1256 946 1312 facili
989 1258 1049 1311 ad
1107 1263 1302 1313 Oreum
1354 1260 1570 1315 succeffii
1625 1262 1800 1323 elatu5‚

350 1332 644 1389 Chalcidem
691 1335 808 1390 inde
841 1340 1071 1411 protinus
1107 1339 1306 1393 vistrici
1344 1339 1485 1395 classe
1528 1342 1672 1414 petit.
1707 1341 1798 1397 ubi

349 1409 740 1489 haudquaquam
768 1417 828 1471 ad
857 1416 997 1491 spem
1023 1431 1231 1473 eventus
1257 1417 1526 1492 respondit.
1606 1427 1683 1478 Ex
1709 1440 1801 1495 pa-

349 1495 475 1549 tenti
502 1497 761 1569 utrimque
788 1499 1031 1553 cantum
1060 1499 1111 1553 in
1138 1501 1387 1575 angustias
1413 1519 1567 1562 mare,
1606 1517 1664 1557 ut
1689 1501 1800 1575 spe·

354 1575 489 1629 ciem
526 1578 744 1631 intuenti
784 1577 959 1652 primo
1012 1579 1209 1653 gemini
1247 1591 1424 1653 portus
1464 1581 1515 1633 in
1560 1600 1647 1638 ora
1691 1582 1801 1637 duo

351 1656 476 1711 verfi
507 1657 799 1731 praebuerit:
837 1657 917 1713 sed
945 1657 1078 1713 haud
1104 1656 1246 1714 facile
1271 1659 1362 1716 alia
1398 1660 1624 1716 infestior
1661 1661 1795 1717 claffi

350 1735 498 1791 statio
529 1739 617 1794 est.
659 1756 782 1793 nam
821 1743 876 1795 &
918 1740 1058 1795 venti
1083 1739 1145 1793 ab
1177 1740 1428 1815 utriusque
1461 1756 1599 1797 terrae
1631 1741 1801 1818 praeal-

350 1818 414 1872 tis
445 1818 710 1873 montibus
750 1818 896 1875 subiti
938 1840 997 1875 ac
1036 1819 1294 1894 procellosi
1326 1821 1374 1880 se
1407 1822 1673 1895 dejiciunt:
1739 1828 1796 1880 δε

350 1896 546 1954 fretum
573 1897 740 1973 ipsum
760 1902 942 1974 ‘Euripi
983 1918 1094 1954 non
1138 1900 1312 1975 septies
1350 1902 1448 1962 die,
1487 1904 1615 1960 ficut
1659 1902 1797 1960 fama

350 1977 467 2043 fert,
519 1979 836 2054 temporibus
884 1980 1018 2035 statis
1053 1982 1354 2054 reciprocats
1401 1980 1483 2038 sed
1511 1994 1704 2039 temere
1742 1986 1801 2039 ir»

351 2060 575 2115 modurn
619 2061 776 2122 venti,
816 2078 956 2116 nunc
996 2059 1100 2116 huc
1131 2079 1272 2120 nunc
1304 2060 1418 2118 illuc
1458 2064 1598 2119 verso
1650 2065 1805 2128 mari,

348 2139 487 2198 velut
512 2154 692 2196 monte
709 2141 954 2215 praecipiti
978 2139 1241 2197 devolutus
1265 2156 1461 2197 torrens
1483 2147 1690 2219 rapitur.
1730 2146 1804 2200 ita

354 2239 452 2278 nec
496 2223 648 2279 noste
694 2240 790 2278 nec
829 2222 908 2278 die
946 2223 1085 2298 quies
1141 2222 1347 2278 navibus
1394 2223 1558 2282 datur.
1650 2228 1799 2280 Cum·

350 2304 554 2358 classem
601 2317 710 2360 tam
751 2302 929 2358 infesta
960 2304 1108 2360 statio
1135 2305 1345 2376 accepit,
1398 2317 1513 2360 tum
1556 2309 1610 2363 ὃς
1647 2308 1799 2379 oppi-

351 2385 480 2441 dum
494 2376 604 2440 ‘alia
627 2396 770 2459 parte
792 2381 1017 2440 clausum
1047 2385 1191 2446 mari,
1234 2382 1322 2439 alia
1358 2384 1420 2439 ab
1444 2399 1570 2441 terra
1599 2383 1802 2463 egregie

349 2467 640 2527 munitum,
690 2463 1016 2538 praefidioque
1048 2462 1215 2519 valido
1245 2466 1526 2529 firmatum,
1563 2472 1637 2524 δε
1676 2484 1803 2541 prae·

353 2543 504 2621 cipue
537 2546 636 2601 fide
673 2545 1034 2620 praefestorum
1075 2546 1482 2620 principumque,
1523 2564 1634 2622 quae
1661 2548 1802 2605 fluxa

355 2632 412 2685 δί
439 2646 565 2682 vana
592 2626 725 2701 apud
744 2632 940 2683 Oreum
964 2624 1147 2688 fuerat,
1184 2626 1347 2681 stabile
1370 2639 1521 2701 atque
1549 2630 1799 2704 inexpug-

349 2707 514 2764 nabile
540 2710 654 2765 fuit.
710 2707 766 2762 ld
790 2707 1074 2782 prudenter,
1113 2718 1172 2762 ut
1195 2706 1250 2762 in
1273 2721 1463 2763 temere
1489 2706 1709 2782 suscepta
1729 2728 1801 2772 re,

355 2792 634 2847 Romanus
661 2787 799 2849 fecit,
840 2783 976 2863 quod
1007 2786 1387 2862 circumspetstis
1411 2788 1803 2853 difficultatibus,

356 2888 424 2924 ne
447 2867 622 2925 frustra
647 2882 854 2943 tempus
876 2881 1075 2943 tere-ret,
1114 2866 1329 2924 celeriter
1368 2868 1552 2926 abstitit
1577 2868 1804 2944 incepta,

356 2950 661 3031 claffemque
683 2950 799 3010 iude
829 2949 890 3011 ad
924 2950 1139 3029 Cynum
1168 2948 1393 3035 Locridis
1416 2950 1807 3091 {emporium}

1731 3049 1759 3090 C
