2063 3607
408 237 532 306 312
832 188 1397 286 *TVLJV'II

403 333 482 388 nis
514 325 747 394 concilia,
787 329 923 405 quod
960 328 1013 385 in
1054 329 1194 386 diem
1215 331 1485 405 posterum
1514 324 1766 387 ind-istum
1800 347 1856 386 e·-

401 411 497 478 ra't,
543 412 735 468 Boeotis
775 408 1036 467 relictum.
1117 418 1387 469 Texerunt'
1412 409 1660 476 dolorem,
1680 424 1870 487 'quem

405 495 865 572 &‘·-nequicquam‚
905 497 961 550 ac
1002 510 1112 549 non
1142 493 1245 549 fine
1274 494 1498 569 periculo
1528 493 1862 553 ostendissent.

406 574 723 650 1n·concilio
753 573 948 631 Attalus
977 577 1176 649 primus
1206 575 1354 630 verba
1387 577 1526 632 fecit.
1860 593 1865 600 ’

489 661 579 714 Π.-
602 655 757 714 Orsus
781 653 808 711 ὲ
836 655 1102 729 majorum
1132 654 1360 720 suorum,
1387 657 1597 732 suisque,
1624 661 1680 713 &
1710 674 1862 714 com·
1929 670 1937 674 ‘

404 737 653 797 munibus
680 739 733 793 in
768 755 988 803 omnem
1013 739 1291 801 Graeciam,
1332 742 1386 794 &
1410 739 1626 812 propriis
1654 738 1708 792 in
1738 735 1862 793 Boe-

402 835 616 877 otorum
645 834 857 897 gentem
877 819 1105 883 'meriti-33
1144 818 1344 896 segnior
1368 821 1479 893 jam
1506 825 1560 877 &
1590 819 1863 881 infirmior,

402 900 561 978 quam
597 915 656 957 ut
696 901 1080 958 contentionem
1121 898 1322 957 dicendi
1353 901 1628 962 sustineret,
1671 900 1862 955 obmu-

402 985 519 1048 tuit,
558 989 619 1041 &
643 984 896 1040 concidit.
974 974 1196 1039 ,Et-dum
1227 1000 1406 1060 regern
1440 982 1672 1038 auferunt
1696 980 1864 1057 perfe-

401 1080 633 1140 runtque,
661 1079 801 1140 parte
820 1063 1181 1121 membrorum
1205 1078 1434 1139 captum,
1455 1062 1711 1139 paullisper
1732 1081 1863 1119 con·

403 1148 489 1204 cio
510 1147 789 1202 intermista
815 1147 906 1201 est.
970 1145 1240 1201 Aristaenus
1268 1146 1402 1208 inde,
1437 1144 1767 1207 Achaeorum,
1793 1161 1859 1198 eo

405 1248 531 1285 cum
582 1228 768 1301 majori
788 1247 794 1251 “
813 1226 1116 1282 auctoritate
1155 1225 1374 1289 auditus,
1432 1221 1567 1300 quod
1608 1242 1715 1280 non
1754 1222 1862 1286 alia,

401 1307 561 1386 quam
586 1328 701 1384 quae
727 1307 925 1364 Achaeis
949 1307 1178 1373 suaserat,
1220 1307 1419 1363 Boeotis
1444 1304 1693 1363 suadebat.
1730 1307 1862 1362 Pau-

391 1409 461 1448 =ea
496 1393 558 1448 ab
591 1387 701 1467 ipso
737 1390 956 1459 Quintio
988 1390 1219 1463 adj-esta,
1260 1389 1419 1444 fidem
1459 1388 1626 1463 magis
1656 1381 1858 1444 Roma·

391 1492 545 1536 mam,
587 1470 748 1547 quam
778 1490 923 1527 arma
945 1486 1031 1526 aut
1062 1490 1186 1545 opes
1210 1466 1686 1526 extollenteverbis.
1744 1471 1858 1524 Ro-

390 1556 545 1632 ·gatio
588 1554 742 1616 inde„
766 1551 794 1608 ὲ
843 1551 1094 1609 Plataeensi
1137 1551 1436 1612 Dicaearcho
1477 1549 1592 1614 lata,
1629 1549 1857 1605 recitata-

395 1656 503 1713 que
545 1636 609 1692 de
649 1634 885 1690 societate
923 1653 1048 1690 cum
1094 1633 1348 1690 Romanis
1390 1631 1667 1709 jungenda,
1716 1627 1857 1686 nullo

374 1725 581 1776 :contra
609 1717 771 1773 dicere
800 1717 1029 1777 audente,
1072 1717 1317 1770 omnium
1346 1716 1563 1771 Boeotiae
1586 1714 1856 1769 civitatum

392 1799 647 1876 suffragiis
690 1799 933 1873 accipitur
971 1796 1296 1872 jubeturque.
1359 1794 1612 1852 ‚Concilio
1651 1791 1858 1850 dimisso

403 1881 644 1958 Quintius
670 1894 872 1937 tantum
909 1878 1101 1935 Thebis
1133 1892 1377 1940 morawa,
1420 1892 1672 1953 quantum
1706 1873 1856 1932 Attali

399 1984 579 2039 repens
616 1961 755 2019 casus
792 1963 981 2037 co‘e'git,
1037 1962 1309 2034 postquam
1349 1978 1457 2014 non
1503 1961 1621 2014 vitae
1644 1956 1855 2033 praesens

397 2044 683 2122 periculum
715 2045 791 2097 vis
817 2042 987 2097 morbi
1005 2042 1234 2104 attuliffiz,
1273 2040 1352 2095 sed
1382 2040 1738 2096 membrorum
1767 2040 1852 2093 de-

399 2126 645 2185 bilitatem
675 2124 777 2180 visa
807 2126 896 2186 est,
935 2122 1114 2201 relicto
1141 2141 1203 2176 eo
1237 2123 1295 2178 ad
1338 2123 1655 2184 curationem
1684 2118 1852 2175 neces-

400 2210 580 2266 sariam
620 2206 863 2282 corporis‚
899 2203 1133 2266 Elatiam,
1168 2204 1302 2258 unde
1329 2201 1589 2277 profectus
1618 2218 1737 2264 erat,
1773 2219 1851 2256 re-

398 2293 500 2349 dit:
536 2290 731 2346 Boeotis
762 2305 987 2364 quoque,
1026 2286 1155 2342 ficut
1187 2281 1322 2359 prius
1352 2284 1564 2348 Achaeis,
1600 2285 1658 2339 ad
1689 2283 1847 2339 socie-

396 2386 558 2429 tatem
590 2371 819 2434 adscitis;
863 2373 937 2430 ὃς,
973 2368 1223 2443 quoniam
1263 2380 1370 2422 tuta
1400 2383 1458 2422 ea
1491 2378 1759 2440 pacataque
1788 2364 1852 2420 ab

374 2463 545 2531 ‘tergo
582 2450 1004 2526 relinquebantur,
1044 2448 1286 2502 omnibus
1312 2447 1420 2518 jam
1460 2445 1852 2523 cogitationibus

395 2538 449 2593 in
479 2533 807 2610 Philippum,
851 2535 907 2589 δε
948 2530 1088 2606 quod
1127 2528 1397 2604 reliquum'
1420 2527 1528 2584 belli
1566 2519 1848 2590 eratscon-

395 2618 565 2674 verfisl
742 2652 749 2667 ι
1766 2615 1777 2619 ”

473 2701 573 2755 111.
624 2696 881 2771 Philippus
928 2710 1137 2770 quoque
1180 2693 1352 2768 primo
1394 2711 1527 2756 vere,
1574 2694 1846 2767 postquam

318 2798 324 2802 ’
393 2778 543 2856 legati
579 2779 642 2835 ab
688 2783 861 2833 Roma
903 2775 1029 2832 nihil
1067 2776 1230 2851 pacati
1267 2773 1551 2837 retulerant,
1587 2773 1843 2829 delectum

393 2881 480 2937 per
509 2862 685 2918 omnia
711 2860 900 2935 oppida
921 2859 1068 2935 regni
1095 2856 1277 2912 habere
1307 2857 1533 2919 instituit,
1577 2857 1630 2910 in
1656 2871 1844 2929 magna

394 2945 566 3020 inopia
602 2942 905 3019 juniorum:
943 2938 1317 3014 absumpserant
1348 2941 1485 2998 enim
1526 2956 1614 3014 per
1657 2936 1843 2993 multas

1133 3030 1162 3064 2
1726 3035 1838 3092 jam
