2063 3607
582 260 643 324 L
687 259 712 321 1
756 257 805 321 B
845 256 897 320 E
940 254 999 320 R
1081 248 1404 317 xxxw.
1612 267 1745 337 393’

275 424 286 435 ἶ
353 369 555 425 XXVI.
593 363 1243 445 Qintius‚affirmantibus
1272 364 1347 426 iis,
1394 360 1432 415 fi
1463 360 1522 416 ad
1550 375 1728 433 portas

272 451 542 505 Romanus
569 451 813 504 exercitus
851 448 1030 508 fuisset,
1072 463 1180 500 non
1214 444 1318 497 fine
1353 441 1541 499 effiectu
1582 440 1723 496 futu·

273 548 392 583 rum
418 549 539 584 eum
574 546 783 585 motum
815 528 977 588 fuisse,
1014 532 1087 586 δε,
1141 528 1177 580 s1
1205 525 1410 597 propius
1444 525 1600 578 castra
1631 523 1748 576 aci-2

271 626 619 673 moverentur,
657 629 764 664 non
793 610 1051 683 quieturos
1077 608 1308 682 Argivos,
1354 604 1488 659 misit
1511 603 1719 676 expedi-

269 705 352 745 tos
379 692 566 764 pedites
592 690 896 764 equitesque,
954 690 1043 760 qui
1086 689 1218 741 circa
1246 684 1512 758 Cylarabin
1541 688 1719 759 (gym-

272 772 468 828 nafium
500 772 548 824 id
579 774 651 825 est
677 772 849 823 minus
873 782 1126 823 trecentos
1150 765 1311 839 passus
1329 764 1390 819 ab
1416 766 1559 835 urbe)
1590 780 1718 819 curn

271 849 651 925 erumpentibus
676 848 701 906 a
730 863 871 924 porta
888 846 1286 903 Lacedaemoniis
1298 845 1538 917 proelium
1570 862 1721 899 com·

271 930 534 992 miserunt,
568 948 718 1004 atque
748 948 834 984 eos
868 929 996 983 haud
1022 944 1220 1002 magno
1263 925 1537 980 certamine
1571 941 1723 979 com-

270 1011 506 1085 pulerunt
530 1012 581 1064 in
611 1012 807 1066 urbem.
847 1014 900 1065 δε
926 1011 1078 1064 castra
1106 1026 1171 1061 eo
1195 1005 1304 1079 ipso
1326 1005 1458 1066 loco,
1503 1005 1587 1061 ubi
1623 1022 1724 1077 pu-

271 1107 487 1167 gnatum
521 1107 640 1153 erat,
684 1091 960 1164 imperator
1000 1094 1273 1143 Romanus
1304 1086 1490 1160 posuit.
1564 1087 1721 1140 Diem

273 1174 390 1227 inde
415 1190 581 1227 unum
612 1173 662 1225 in
689 1169 894 1245 speculis
921 1169 1036 1228 fuit,
1073 1169 1112 1222 fi
1133 1168 1254 1242 quid
1289 1169 1408 1223 novi
1445 1181 1619 1223 motus
1661 1184 1732 1218 oz

270 1254 466 1308 rii-etur.
502 1254 823 1326 posteaquam
853 1250 1140 1323 oppressam
1172 1262 1318 1302 metu
1342 1248 1601 1302 civitatem
1644 1247 1725 1300 vi-

272 1334 363 1394 dit,
402 1334 615 1389 advocat
637 1330 908 1385 concilium
932 1332 991 1384 de
1013 1329 1368 1403 oppugnandis
1383 1329 1546 1404 Argis.
1585 1331 1739 1401 Omss

275 1415 422 1468 nium
454 1413 745 1485 principum
780 1411 1009 1468 Graeciae,
1065 1425 1238 1483 praeter
1281 1410 1600 1468 Aristaenum,
1640 1426 1737 1461 eam·

277 1494 396 1547 dem
425 1491 667 1546 sententia
688 1505 818 1553 erat3
863 1508 1027 1564 quum
1058 1487 1222 1545 cauffa
1262 1487 1373 1543 belli
1398 1507 1507 1545 non
1535 1488 1628 1544 alia
1651 1484 1726 1542 es-

277 1572 365 1634 set,
406 1573 521 1649 inde
548 1568 866 1645 potiffimum
892 1570 1195 1625 ordiendum
1222 1568 1425 1625 bellum]
1509 1570 1726 1640 Quintio
1766 1592 1775 1603 ⁴

275 1654 329 1708 id
379 1669 695 1727 nequaquam
745 1650 996 1725 placebat,
1073 1649 1155 1704 sed
1196 1651 1501 1708 Aristaenum
1549 1668 1727 1710 contra

278 1735 525 1789 omnium
561 1733 860 1788 consensum
905 1731 1221 1797 differentem
1256 1749 1383 1786 cum
1409 1732 1543 1786 haud
1573 1732 1727 1785 dubia

277 1815 640 1886 approbatione
662 1813 869 1867 audivit.
907 1815 958 1867 &
988 1809 1091 1885 ipse
1116 1811 1314 1881 adjecit,
1351 1831 1507 1886 quum
1523 1825 1604 1887 pro
1621 1820 1726 1866 Ar·

272 1897 405 1966 givis
453 1896 687 1966 adversus
737 1907 1001 1970 tyrannum
1060 1891 1242 1947 bellum
1280 1892 1563 1967 susceptum
1622 1893 1729 1967 fit.

279 1975 401 2050 quid
420 1976 578 2030 minus
601 1975 880 2028 conveniens
906 1971 1007 2045 ff,
1042 1970 1207 2046 qudm
1229 1974 1385 2048 omiſjb
1408 1972 1531 2045 hqste
1564 1982 1729 2045 Argos

279 2057 573 2128 oppugnari?
650 2061 708 2107 Se
746 2054 866 2107 verb
902 2065 1049 2125 caput
1086 2052 1194 2106 belli
1235 2056 1609 2108 Lacedaemonem
1654 2052 1725 2120 (5²

278 2149 542 2214 tyrannum
586 2137 878 2209 petiturum.
985 2135 1052 2187 Et
1090 2133 1296 2186 dimiss'o
1333 2134 1568 2195 concili0‚
1619 2132 1729 2189 fru-

280 2227 573 2270 mentatum
617 2213 868 2287 expeditas
901 2211 1142 2265 cohortes
1182 2213 1334 2270 mifit.
1412 2215 1569 2287 Quod
1607 2219 1732 2269 'ma-

279 2295 380 2351 turi
414 2310 517 2350 erat
547 2296 694 2355 circa,
731 2291 1017 2348 demessum
1038 2295 1096 2347 &
1127 2295 1447 2348 conve-stum
1480 2296 1569 2352 est.
1609 2296 1733 2350 viri.

280 2377 359 2438 de;
403 2393 468 2429 ne
498 2374 669 2430 hostes
687 2392 813 2428 mox
838 2371 1090 2435 haberent,
1131 2375 1408 2445 protritum
1457 2380 1511 2431 δί
1553 2394 1732 2432 corru-

281 2471 451 2529 ptum.
494 2457 664 2510 Castra
688 2455 869 2509 deinde
893 2454 1086 2515 movit3
1130 2458 1203 2515 δί,
1246 2454 1516 2510 Parthenio
1547 2470 1733 2514 monte

277 2534 526 2608 superam,
564 2550 741 2609 praeter
770 2541 997 2609 Tegeam
1037 2535 1187 2588 tertio
1216 2536 1300 2588 die
1319 2536 1378 2589 ad
1410 2537 1596 2611 Caryas
1633 2554 1732 2611 po—

279 2615 381 2671 suit
405 2618 573 2672 castra.
612 2616 698 2675 ibi,
733 2614 1025 2688 priusquam
1046 2612 1269 2669 hostium
1294 2616 1500 2671 intraret
1525 2635 1733 2692 agrum,

277 2695 539 2751 sociorum
581 2694 757 2750 auxilia
791 2693 1116 2767 exspeScavit.
1194 2700 1457 2751 Venerunt
1490 2701 1733 2754 Macedo·

282 2795 372 2831 nes
399 2775 427 2832 ὲ
465 2775 698 2849 Philippo
728 2774 863 2830 mille
888 2774 1175 2850 quingenti,
1218 2778 1273 2831 ὃς
1297 2776 1652 2832 Thessalorum
1679 2797 1745 2834 e»

281 2857 447 2930 quites
474 2858 844 2932 quadringenti.
876 2874 971 2910 nec
1011 2855 1348 2928 jam·auxilia‚
1384 2877 1610 2932 quorum
1656 2862 1757 2915 af²⁴

285 2934 438 3019 satin}
472 2953 591 3004 erat,
635 2936 716 2994 sed
744 2951 1089 2999 commeatus,
1124 2936 1358 2994 finitimis
1385 2938 1590 2995 urbibus
1631 2960 1734 2997 im-

920 3022 971 3076 R
999 3037 1037 3093 5
1561 3022 1736 3097 petati,
