2063 3607
366 268 485 335 332
776 251 1333 319 T.L1VII

363 360 588 421 cedohiae
623 363 779 422 etiam
806 368 1110 443 poffeffione
1130 368 1261 446 pelli,
1292 362 1495 428 'delestu
1517 371 1703 449 raptim
1718 371 1823 451 Ῥὲῐ·

362 441 506 499 urbes
537 448 883 504 Macedonum
914 449 1104 515 habite,
1161 470 1285 509 cum
1322 450 1403 508 lex
1431 452 1648 511 millibus
1679 454 1818 530 pedi-

360 533 478 578 tum
518 528 572 582 ὃ(
611 527 903 606 quingentis
941 531 1192 605 equitibus
1234 534 1365 588 circa
1397 533 1579 591 Stobos
1603 536 1819 594 Paeoniae

356 600 636 677 improviso
665 607 831 665 hostes
859 612 1117 686 oppressit.
1202 616 1393 689 Magna
1419 614 1696 672 multitudo
1722 617 1818 672 ho-

356 685 570 741 minum
606 688 660 742 in
704 689 906 764 proeli0,
961 693 1133 765 major
1168 694 1421 769 praedandi
1459 695 1693 769 cupidine
1728 694 1817 771 pa-

357 763 454 823 lata
476 784 564 840 per
588 786 737 845 agros
762 772 885 828 caesa
910 774 999 829 est.
1043 772 1225 849 quibus
1254 775 1375 853 fuga
1405 777 1680 851 expeditior
1704 777 1816 841 fuir,

358 863 426 901 ne
464 857 662 905 tentato
697 853 907 926 quidem
938 853 1052 909 casu
1093 857 1297 933 pugnae,
1353 857 1561 914 in‘fines
1601 858 1718 913 suos
1740 877 1817 913 re-

354 925 570 985 dierunt.
648 935 721 988 Ea
749 952 852 991 una
876 935 1193 1009 expeditione
1215 955 1322 991 non
1349 936 1666 1013 pro'reliquo
1691 939 1818 995 statu

350 1005 572 1066 fortunae
611 1009 764 1077 fasta,
820 1014 1022 1071 refefi'cis
1059 1015 1270 1073 suorum
1300 1017 1504 1081 animi&
1556 1016 1819 1075 Theffalo·
1897 1056 1914 1078 '³

356 1088 531 1144 nicam
574 1089 672 1147 sese
707 1096 912 1168 recepit,
992 1098 1119 1151 Non
1154 1110 1260 1155 tam
1299 1098 1352 1153 in
1398 1111 1632 1173 tempore
1665 1089 1877 1186 1)ῴὶξὲ
1926 1110 1939 1121 ‘

316 1161 480 1223 ”cum
521 1169 713 1227 bellum
754 1177 1091 1231 terminatum
1140 1191 1262 1241 erar,
1316 1196 1384 1233 ne
1410 1177 1558 1234 fimul
1596 1183 1653 1236 δι’
1691 1178 1949 1254 ευωῗῖξζέἶ

354 1246 591 1324 Philippo
629 1253 760 1310 foret
799 1254 1102 1320 bellandum,
1160 1257 1317 1333 quam
1361 1256 1665 1335 opportune,
1687 1248 1841 1397 ²³⁴3&

354 1330 622 1387 Antiocho
649 1335 702 1389 in
736 1337 875 1410 Syria
911 1335 1155 1394 moliente
1186 1337 1393 1413 bellurn,
1458 1338 1725 1416 Philippus
1760 1398 1771 1404 ⁴

353 1407 628 1484 firperatuS.
664 1432 784 1470 nam
816 1430 1153 1493 praeterquam
1184 1417 1321 1495 quod
1347 1415 1547 1476 facilius*
1567 1411 1693 1482 cuffi‘
1717 1416 1819 1479 fiis*

355 1489 506 1564 gulis,
560 1491 717 1567 quam
759 1497 796 1550 fi
840 1498 894 1553 in
925 1517 1091 1554 unum
1122 1501 1282 1556 ambo
1320 1498 1472 1556 fimul
1500 1490 1825 1576 cqnffilisstnt

357 1571 504 1635 vires,
561 1572 796 1633 bellatum
837 1580 953 1642 est3
1014 1579 1252 1654 Hispania
1302 1597 1508 1654 quoque
1548 1579 1639 1635 sub
1679 1580 1818 1637 idem

354 1661 562 1727 ternpus
614 1674 811 1733 magno
854 1657 1083 1717 tumultu
1139 1661 1201 1716 ad
1253 1659 1438 1715 bellum
1494 1659 1822 1720 consurrexit.

351 1733 660 1799 Antiochus,
715 1756 901 1813 quum,
953 1741 1120 1814 priore
1167 1741 1331 1797 aestate
1386 1741 1645 1803 omnibus,
1706 1759 1817 1818 quae

354 1810 409 1867 in
434 1815 584 1870 Coele
622 1818 764 1891 Syria
807 1818 942 1884 sunt,
980 1820 1263 1877 civitatibus
1303 1819 1566 1878 Ptolemaei
1595 1823 1649 1877 in
1672 1822 1819 1878 suam

351 1896 656 1968 potestatem
705 1899 932 1964 redactis,
987 1903 1043 1956 in
1085 1900 1294 1958 hiberna
1333 1900 1661 1958 Antiochiam
1696 1919 1821 1958 con·

355 1975 583 2040 ceffisset‚
626 1977 786 2035 nihilo
808 1982 1077 2056 quietiores
1102 1983 1276 2057 postea
1302 2001 1381 2038 res
1414 1981 1605 2041 habuit.
1647 1984 1821 2039 omni-

358 2052 454 2112 bus
492 2059 634 2114 enim
670 2062 815 2136 regni
846 2061 1035 2118 viribus
1071 2065 1336 2124 connixus,
1394 2080 1559 2138 quum
1586 2064 1820 2140 ingentes

355 2136 526 2210 copias
566 2142 812 2196 terrestres
848 2142 1229 2219 maritimasque
1280 2144 1626 2218 comparasset,
1683 2145 1823 2218 prin-

357 2215 497 2290 cipio
522 2220 654 2275 veris
683 2223 950 2295 praemiffis
984 2238 1111 2281 terra
1144 2243 1267 2281 cum
1299 2227 1521 2280 exercitu
1547 2223 1661 2280 filiis
1687 2225 1819 2280 duo-

351 2294 447 2352 bus
476 2299 644 2356 Ardue
679 2320 739 2356 ac
778 2302 1087 2368 Mithridate,
1123 2301 1362 2380 juffisque
1389 2303 1617 2360 Sardibus
1650 2304 1702 2360 Ie
1727 2318 1818 2379 op·

352 2378 520 2452 periri,
575 2381 679 2454 ipse
709 2401 833 2438 cum
875 2382 1018 2441 claffi:
1060 2400 1268 2442 centum
1298 2386 1547 2441 tectarum
1587 2386 1819 2450 navium,

353 2458 416 2516 ad
454 2457 557 2515 hoc
602 2462 870 2519 levioribus
914 2467 1132 2542 navigiis
1173 2464 1487 2542 cercurisque
1534 2484 1595 2523 ac
1640 2465 1818 2523 lembis

354 2539 588 2596 ducentis
622 2544 993 2618 proficiscitur:
1068 2547 1220 2604 fimul
1273 2566 1361 2623 per
1407 2564 1626 2604 omnem
1671 2565 1817 2605 oram

358 2618 650 2698 Ciliciaeque
690 2628 742 2681 δε
787 2627 948 2684 Cariae
987 2639 1263 2684 tentaturus
1298 2628 1460 2690 urbes,
1516 2646 1631 2703 quae
1662 2629 1715 2684 in
1744 2630 1819 2685 di-

360 2701 501 2757 tione
525 2703 787 2761 Ptolemaei
812 2709 969 2765 essent
996 2733 1013 2775 3
1049 2708 1200 2765 fimul
1231 2708 1524 2785 Philippum
1567 2710 1817 2785 (necdum

356 2782 497 2840 enim
525 2783 824 2868 debellatum
852 2792 978 2872 erat)
1031 2791 1252 2874 exercitu
1278 2790 1584 2869 navibusque
1611 2790 1814 2867 adjutu-

366 2880 470 2921 rus.

1494 3035 1620 3093 XX.
1656 3030 1829 3113 Mult}
