2063 3607
432 302 555 386 με
865 285 1399 366 T.L1v11

419 409 676 470 haberent.
708 411 876 486 itaque
912 411 1316 489 redemptoribus
1358 411 1524 469 vetitis
1555 411 1879 471 frumentum

418 508 604 565 parare,
662 512 721 549 ac
763 497 996 550 Romam
1034 495 1261 556 dimissis,
1329 493 1540 557 Bellum,
1595 495 1779 570 inquit,
1829 494 1878 549 se

423 572 590 647 ipsum
621 574 733 632 alet.
814 575 1078 630 Profefihls
1108 575 1170 631 ab
1195 577 1450 648 Emporiis
1475 594 1625 651 agros
1648 575 1876 633 hostium

419 656 519 711 urit
543 658 815 731 vastatque.
859 660 1037 713 omnia
1060 659 1179 732 fuga
1214 662 1267 713 δε
1295 671 1484 712 terrore
1511 658 1757 730 complet.

501 740 571 793 X.
618 740 815 794 Eodem
844 750 1078 812 tempore
1114 741 1191 794 M.
1218 737 1402 794 Helvio
1425 738 1684 794 decedenti
1710 757 1770 793 ex
1804 737 1879 794 ul·

421 817 601 873 teriore
645 818 878 892 Hispania
915 837 1038 874 cum
1081 820 1309 893 praefidio
1338 819 1422 874 sex
1464 817 1704 881 millium,
1759 821 1878 875 dato

417 898 482 953 ab
521 904 617 972 Ap.
640 899 856 955 Claudio
898 914 1128 974 praetore,
1183 900 1416 955 Celtiberi
1454 900 1666 975 agmine
1682 900 1878 975 ingenti

417 980 477 1035 ad
527 981 777 1053 oppidum
822 978 1035 1057 Illiturgi
1082 995 1380 1038 occurrunt.
1474 980 1673 1057 Viginti
1719 981 1877 1036 millia

414 1076 729 1116 armatorum
763 1060 907 1116 fuiffe
930 1062 1156 1118 Valerius
1179 1061 1348 1119 scribit
1379 1084 1395 1123 ε
1448 1061 1722 1116 duodecim
1757 1061 1878 1117 mil-

413 1141 479 1196 lia
517 1160 580 1196 ex
624 1143 680 1197 iis
722 1142 884 1205 caesa3
939 1143 1191 1217 oppidum
1235 1140 1445 1219 Illiturgi
1476 1156 1758 1215 receptum,
1819 1147 1874 1199 &

412 1222 623 1298 puberes
649 1243 836 1279 omnes
870 1224 1182 1279 interfectos.
1233 1225 1357 1279 Inde
1392 1224 1453 1279 ad
1486 1224 1638 1280 castra
1662 1224 1875 1280 Catonis

412 1301 619 1360 Helvius
644 1306 890 1381 pervenit.
931 1309 982 1361 &
1013 1306 1131 1380 quia
1161 1318 1269 1360 tuta
1302 1305 1412 1377 jam
1446 1303 1509 1359 ab
1543 1302 1767 1360 hostibus
1795 1322 1874 1360 re-

412 1385 505 1461 gio
549 1401 667 1447 erat,
718 1387 946 1461 praesidio
973 1387 1025 1441 in
1053 1386 1344 1442 ulteriorem
1376 1384 1670 1459 Hispaniam
1696 1385 1873 1441 remis·
1908 1412 1919 1421 κ

412 1466 485 1527 so,
532 1471 763 1523 Romam
792 1470 862 1523 est
890 1466 1153 1543 profectus
1183 1489 1195 1522 :
1236 1472 1290 1525 δί
1316 1465 1386 1521 ob
1410 1485 1524 1522 rem
1556 1463 1761 1522 feliciter
1784 1486 1874 1544 ge-

410 1549 539 1603 stam
583 1567 741 1605 ovans
773 1548 950 1605 urbem
997 1550 1067 1603 est
1108 1548 1369 1624 ingr-effus,
1449 1550 1661 1624 Argenti
1691 1549 1872 1604 infecti

408 1627 597 1685 tulitin
628 1632 858 1685 aerarium
886 1630 1270 1705 quatuordecim
1307 1628 1459 1685 millia
1490 1629 1668 1701 pondo
1705 1627 1872 1702 septu-

408 1710 582 1785 aginta
605 1712 814 1787 triginta
838 1712 942 1767 duo
972 1732 987 1764 ·.
1040 1714 1090 1768 &
1118 1710 1299 1787 signati
1330 1711 1621 1788 bigatorum
1649 1710 1870 1784 septem-

406 1792 577 1847 decim
606 1792 764 1848 millia
796 1792 982 1869 viginti
1014 1792 1124 1852 tria,
1163 1797 1217 1849 &
1257 1791 1489 1848 Oscensis
1526 1793 1724 1869 argenti
1751 1810 1870 1848 cen·

405 1885 521 1929 tum
572 1872 758 1951 viginti
824 1873 981 1929 millia
1031 1873 1401 1950 quadringenta
1452 1871 1659 1950 triginta
1725 1875 1869 1930 octe.

406 1955 587 2010 Caussa
611 1953 858 2030 triumphi
884 1955 1103 2032 negandi
1135 1953 1322 2010 senatui
1365 1952 1484 2017 fuit,
1536 1953 1670 2029 quod
1706 1955 1870 2010 alieno

404 2033 645 2109 auspic-ic,
687 2041 741 2094 ὃς
782 2037 835 2090 in
862 2035 1016 2092 aliena
1049 2036 1315 2111 provincia
1352 2035 1631 2112 pugnasset.
1712 2038 1863 2092 Cete-

403 2114 522 2174 rum
549 2118 755 2174 biennio
780 2115 893 2192 post
919 2119 1143 2180 redierat,
1180 2135 1362 2193 quum,
1389 2117 1649 2192 provincia
1674 2114 1867 2175 succes-

404 2196 505 2254 sori
534 2201 604 2273 (ζ
632 2200 868 2256 Minucio
912 2200 1107 2263 tradita,
1154 2216 1347 2254 annum
1399 2196 1741 2273 insequentem
1787 2217 1864 2254 re·

404 2292 576 2335 tentus
619 2279 686 2336 ibi
728 2281 889 2358 longo
926 2285 979 2337 δε
1033 2281 1179 2359 gravi
1220 2279 1409 2336 morbo
1452 2278 1636 2338 fniffet.
1698 2279 1868 2355 itaque

401 2360 598 2418 duobus
634 2361 797 2420 modo
834 2361 1091 2419 mensibus
1125 2358 1243 2417 ante
1263 2358 1473 2419 Helvius
1502 2379 1661 2416 ovans
1685 2359 1866 2417 urbem

403 2444 475 2498 est
511 2444 774 2522 ingreffu3‚
848 2441 1008 2520 quam
1052 2441 1299 2498 successor
1346 2441 1455 2515 ejus
1501 2445 1571 2515 Q.
1612 2441 1866 2498 Minucius

397 2524 756 2601 triumpharet.
860 2527 959 2582 Hic
1020 2543 1227 2600 quoque
1275 2521 1391 2582 tulit
1442 2524 1639 2599 argenti
1691 2523 1868 2598 pondo

402 2607 609 2683 triginta
632 2620 849 2683 quatuor
876 2605 1029 2663 millia
1054 2606 1351 2682 octingenta
1375 2626 1389 2661 ι
1431 2603 1723 2680 bigatorum
1757 2603 1870 2680 sep·

403 2689 629 2765 tuaginta
658 2690 785 2744 ovito
814 2688 984 2750 millia,
1045 2692 1097 2746 &
1132 2687 1366 2745 Oscenfis
1413 2687 1607 2764 argenti
1649 2687 1867 2745 ducenta

401 2767 716 2846 septuaginta
741 2770 865 2829 orfito
896 2765 1068 2826 millia.

485 2854 582 2908 XI.
638 2855 697 2907 In
736 2849 974 2927 Hispania
1026 2850 1230 2908 interim
1281 2846 1457 2906 consul
1501 2847 1632 2906 haud
1687 2847 1867 2924 procul

403 2932 662 3008 Emporiis
701 2935 855 2990 castra
887 2932 1117 2990 habebat.
1197 2928 1273 2987 Εὸ
1322 2930 1474 3008 legati
1510 2944 1607 2986 tres
1650 2930 1712 2986 ab
1745 2930 1865 2986 Iler·

405 3026 586 3092 getum
618 3014 795 3093 regulo
829 3014 1074 3092 Bilistage,
1130 3013 1186 3070 in
1214 3011 1399 3089 quibus
1428 3031 1558 3069 unus
1592 3010 1719 3069 filius
1745 3023 1866 3074 erat,

1597 3109 1865 3156 venerunt,
