2063 3607
354 240 468 324 358
751 237 883 302 *T.
968 236 1334 302 L1V11

346 346 482 402 data.
562 348 628 403 Et
669 347 727 402 P.
757 348 941 403 Porcio
985 351 1148 404 Laecae
1174 346 1234 402 ad
1267 345 1517 404 Etruriam
1551 347 1681 406 circa
1714 350 1794 407 Pi-

345 426 421 483 ίῖιε
443 427 547 484 duo
571 426 728 483 millia
751 428 981 503 peditum
1011 431 1066 485 δε
1093 428 1360 504 quingenti
1374 430 1562 503 equites
1585 448 1648 485 ex
1672 431 1792 488 Gal-

345 507 448 565 lico
484 509 705 565 exercitu
729 510 931 566 decreti.
985 507 1048 565 In
1077 509 1298 565 Sardinia
1322 524 1658 590 prorogatum
1685 513 1791 570 im-

346 580 551 665 perium
578 591 885 665 Sempronio
917 594 1126 666 Longo,

433 674 629 728 XLIV.
674 672 954 727 Provinciis
994 672 1063 727 ita
1093 669 1382 734 distributis,
1411 671 1653 736 consules,
1691 675 1796 748 pri-

344 750 563 827 usquam
609 752 672 807 ab
711 752 833 808 urbe
870 751 1318 826 proficiscerentur,
1372 770 1465 810 ver
1495 753 1690 813 sacrum
1730 774 1794 812 ex

343 834 657 908 pontificum
683 833 818 906 jussu
841 831 1029 896 fecere,
1076 835 1214 908 quod
1243 836 1306 891 A.
1328 834 1594 890 Cornelius
1617 841 1793 894 Mam-

345 913 487 971 mula
525 928 706 987 praetor
741 927 967 976 voverat,
1008 916 1073 970 dc
1102 915 1296 971 senatus
1326 913 1582 978 scatentia,
1626 935 1792 992 popu-

341 993 478 1070 lique
508 994 661 1068 juffu,
702 998 803 1052 Cn.
843 992 1067 1055 Servilio,
1103 998 1167 1052 C.
1203 994 1452 1052 Flaminio
1492 996 1795 1057 consulibus,

345 1078 489 1141 annis
525 1078 640 1151 post
681 1096 788 1131 uno
825 1095 884 1131 ac
925 1077 1109 1151 viginti
1134 1076 1335 1132 fadium
1376 1078 1466 1141 est,
1503 1076 1661 1153 quam
1699 1098 1794 1134 vo·

346 1170 487 1214 tum.
566 1162 658 1213 Per
692 1156 897 1212 eosdem
939 1157 1043 1211 dies
1077 1158 1143 1213 C.
1177 1156 1416 1212 Claudius
1455 1162 1552 1232 Ap.
1587 1164 1642 1216 F.
1676 1159 1793 1217 Pul-

347 1238 484 1302 cher,
527 1256 685 1315 augur
712 1239 766 1292 in
795 1242 864 1312 Q.
891 1237 1023 1292 Fabii
1056 1238 1273 1293 Maximi
1301 1239 1497 1302 locum,
1539 1241 1628 1314 qui
1653 1242 1793 1315 prio-

344 1338 400 1374 re
445 1336 583 1375 anno
621 1331 861 1375 mortuus
895 1332 1016 1382 erat,
1054 1317 1212 1374 leetus
1246 1319 1665 1396 inauguratusque
1703 1324 1791 1382 est.

347 1400 649 1458 Mirantibus
682 1402 790 1472 jam
831 1399 987 1475 vulgo
1027 1398 1340 1462 hominibus,
1382 1400 1519 1476 quod
1558 1401 1792 1478 Hispania

348 1481 583 1541 movissct
617 1479 807 1537 bellum
843 1481 1050 1556 negligi,
1088 1479 1288 1537 litera-2⁸1
1316 1486 1383 1553 Q.
1414 1482 1650 1538 Minucio
1677 1482 1791 1541 alla-

346 1576 411 1619 tae
449 1562 582 1626 sunt,
629 1571 689 1617 Se
724 1564 793 1616 ad
821 1560 1038 1617 Turbam
1069 1564 1290 1637 oppidum
1327 1581 1441 1618 cum
1480 1566 1675 1620 Budare
1719 1564 1789 1633 &v

345 1642 576 1718 Bffaszde‚
619 1643 988 1718 imperatoribus
1018 1644 1259 1717 Hispanis,
1281 1642 1432 1717 signis
1467 1645 1649 1701 collatis
1683 1658 1790 1720 pro-

330 1730 470 1800 spere
503 1722 745 1800 pugnaiſje.
781 1724 1022 1780 duodecim
1055 1723 1204 1780 millia
1237 1721 1438 1798 hostium
1476 1728 1609 1800 casa.
1686 1735 1790 1782 Bu·

343 1809 516 1880 darem
554 1809 891 1882 imperatorem
926 1820 1145 1881 captum,
1192 1819 1366 1861 ceteros
1388 1803 1532 1880 fufhs
1560 1808 1789 1883 fugatofi

345 1908 461 1965 que.
545 1888 637 1963 His
670 1886 823 1943 literis
856 1886 999 1942 leffls
1033 1884 1202 1943 minus
1236 1887 1435 1943 terroris
1463 1888 1527 1943 ab
1558 1888 1790 1964 Hispanis

343 1982 465 2033 erat,
489 1967 622 2025 unde
641 1968 823 2044 ingens
853 1966 1040 2023 bellum
1065 1967 1412 2042 exspecstatum
1440 1967 1614 2026 fuerat.
1652 1976 1790 2027 Om-

345 2069 436 2105 nes
472 2070 602 2106 curae
631 2052 744 2122 post
785 2048 1062 2104 adventum
1090 2051 1263 2122 utiquc
1287 2049 1464 2104 decem
1502 2049 1788 2125 legatorum

346 2132 400 2187 in
430 2129 748 2188 Antiochum
777 2146 949 2204 regem
979 2129 1250 2185 conversae.
1317 2131 1404 2191 Hi,
1429 2132 1662 2206 expofitis
1689 2134 1789 2206 pri-

347 2209 405 2268 us
440 2232 556 2288 quae
581 2229 706 2267 cum
743 2210 977 2285 Philippo
1008 2211 1119 2266 adia
1149 2209 1320 2272 effiznt,
1362 2215 1417 2267 &
1451 2211 1631 2285 quibus
1665 2212 1789 2289 legi-

344 2293 441 2350 bus
478 2294 589 2349 data
632 2310 747 2366 pax,
791 2309 898 2345 non
940 2291 1198 2346 minorem
1231 2290 1340 2346 belli
1375 2289 1571 2348 molem
1611 2296 1790 2350 restare

342 2373 405 2430 ab
434 2372 695 2430 Antiocho
723 2371 1021 2429 docuerunt.
1101 2376 1289 2445 Ingenti
1308 2373 1457 2448 claffo,
1484 2378 1663 2448 egregio
1690 2390 1790 2431 ter·

344 2456 481 2529 rostri
502 2457 720 2511 exercitu
748 2456 799 2508 in
827 2464 1068 2529 Europam
1098 2473 1210 2509 eum
1243 2455 1485 2535 trajeciffi.
1524 2457 1616 2532 nisi
1638 2474 1790 2513 aver—

344 2539 466 2612 ttffit
499 2554 639 2592 vana
668 2537 799 2610 spes,
851 2554 915 2589 ex·
955 2536 1154 2590 vaniore
1189 2554 1383 2590 rumore
1422 2549 1549 2599 orta,
1589 2541 1790 2617 AEgypti

344 2619 636 2678 invadenda,
677 2636 794 2672 mox
821 2615 940 2670 bello
978 2619 1214 2673 Graciam
1247 2619 1478 2689 arsin-am
1504 2616 1667 2694 fuiffi’.
1705 2638 1791 2674 ne·

342 2719 438 2774 que
466 2701 592 2753 enim
623 2715 680 2752 ne
718 2697 904 2752 AEtolos
935 2698 1128 2772 quidem
1161 2699 1424 2773 quieturos,
1466 2717 1578 2755 cum
1608 2701 1790 2772 ingenio

341 2782 628 2856 inquietam,
667 2791 777 2832 tum
816 2780 1001 2832 iratam
1044 2781 1269 2834 Romanis
1305 2793 1522 2851 gentem.
1598 2790 1791 2837 Haerere

347 2859 416 2926 (ᾖ)
455 2860 596 2914 aliud
628 2860 678 2912 in
711 2857 968 2930 visceribus
1007 2863 1194 2916 Gracia
1224 2862 1384 2930 ingens
1414 2861 1646 2925 malum,
1680 2869 1790 2917 Na

343 2940 423 2997 bin
455 2960 581 2998 nunc
611 2941 1088 3003 Lacedaemoniorum,
1129 2961 1265 3007 mox,
1283 2940 1339 3017 st
1361 2941 1517 3006 liceat,
1556 2901 1791 3016 universa

1002 3041 1033 3099 3
1659 3031 1790 3101 Gra:
